3892 5867
114 428 228 505 (αα.)

113 557 225 638 ταρέρων
237 556 280 615 ἐπὶ
290 554 337 628 τὴν
349 557 519 637 αἰχμάλωτον
531 558 629 631 ταύτην
640 559 746 639 ψυχὴν,
760 559 807 630 τὴν
823 562 889 636 μᾶλ·

113 649 153 705 λον
166 647 263 717 ἐκείνης
277 648 459 724 αἰχμάλωτον.

152 732 229 792 Ἀλλά
244 735 315 812 τάχα
330 738 381 791 τῶν
400 733 499 813 θρήνων
514 734 588 812 άλις,
602 735 659 800 άλις
671 734 698 792 δέ
709 738 743 801 ὡς
760 738 787 793 ἐν
801 740 889 815 γραρῇ

113 821 153 878 καὶ
167 821 270 899 βιύλίῳ·
285 822 341 879 ἐπεὶ
352 821 448 879 τούτων
461 826 543 900 χωρὶς
555 824 609 881 οὐδ’
626 822 655 880 iv
669 826 682 879 θ
696 830 747 889 πᾶς
763 825 825 898 ἡμῖν
838 826 887 902 ἀρ-

90 933 101 968 ε
115 910 191 968 κε’σειε
199 912 299 988 χρόνος,
308 908 375 968 ίύστε
386 915 444 968 κατ’
457 911 528 976 ἀξίαν
535 910 678 990 ὀδύρασθαι
687 909 733 981 τὴν
743 910 775 968 τά
783 919 888 971 τοιαῦτα

114 1004 241 1055 παθοῦσαν
255 997 354 1078 ψυχήν.
397 1001 421 1057 Τ
424 997 432 1055 ί
444 996 494 1076 γάρ
511 998 541 1055 ἄν
556 1022 594 1064 τις
606 997 755 1077 ὠλορύρετο
770 1002 889 1076 πρῶτον;

115 1089 149 1143 θτι
164 1085 192 1142 τθ
215 1085 301 1161 τίμιον
321 1086 365 1142 καὶ
378 1083 450 1162 θίγιον
463 1086 508 1144 καί
525 1085 594 1163 μέγα
611 1085 694 1161 ὄνομα
710 1090 754 1142 τοῦ
774 1088 843 1145 Θεοῦ
857 1089 890 1145 δι’

114 1178 175 1246 ὑμᾶς
198 1175 395 1252 βλασφημεῖται
410 1175 436 1230 ἐν
452 1181 504 1239 τοῖς
524 1173 623 1246 ἔθνεσι,
637 1173 715 1243 καλά,
735 1172 795 1239 δόξα
810 1173 889 1230 αὐτοῦ

114 1260 280 1336 βείηλοῦται,·
297 1258 338 1317 ὅτι
358 1269 470 1338 πρᾶγμα
486 1259 554 1319 οὕτω
572 1261 665 1336 σεμνὸν
687 1260 731 1317 καί
746 1260 813 1335 μέγα
831 1260 889 1316 δια-

81 1362 103 1399 tl
113 1347 247 1420 θέθληται,
264 1350 325 1405 ἀλλ’
340 1347 379 1406 δτι
392 1348 475 1429 ψυχαί
493 1349 591 1406 πολλαί
613 1348 655 1406 διίι
667 1351 719 1405 τῶν
738 1347 890 1406 σκανδάλων

113 1435 300 1494 καταπίπτουσι
309 1434 425 1507 astitum
436 1438 494 1493 ἀλλ’
508 1436 547 1494 δτι
561 1435 607 1494 καί
619 1435 648 1493 τύ
660 1439 774 1513 ὑγιαῖνον
788 1440 832 1493 τοῦ
844 1459 889 1513 χο·

115 1529 154 1601 ροῦ
166 1523 241 1602 μέρος
251 1529 284 1603 τῇ
296 1528 342 1592 τῆς
354 1523 479 1604 ὑμετέρας
493 1523 566 1596 δόξης
580 1522 777 1602 άναχρώννοται
788 1525 888 1595 κηλῖδι,

116 1611 166 1669 ἀλλ’
180 1611 217 1668 ὅτι
235 1611 265 1670 τὸ
282 1611 410 1670 dodrans
432 1611 477 1668 καὶ
492 1613 553 1687 ὑμῖν
572 1614 664 1678 αὐταῖς
678 1613 723 1668 καί
737 1619 789 1677 τοῖς
805 1633 891 1668 συνοι-

115 1707 195 1758 κοῦσιν
211 1700 345 1757 ἀνάπτετε
357 1704 423 1775 πῦρ;
440 1699 493 1758 Καὶ
507 1703 562 1766 πῶς
577 1704 659 1757 ταῦτα
673 1698 774 1775 ἀνάγκη
788 1697 888 1774 quodq·

84 1787 270 1867 15ναι,ρησλν,
295 1786 358 1844 ὅταν
379 1786 482 1865 ἔχοιμεν
504 1785 585 1854 δεῖξαι
608 1786 638 1844 τὸ
657 1789 734 1861 σῶμα
755 1789 831 1862 ἡμῶν
853 1787 890 1861 μί,

114 1874 290 1957 διερθαρμένον
304 1874 369 1952 μηδὲ
383 1875 605 1952 πεπορναιμένονς
618 1875 747 1934 Μάλιστα
762 1874 810 1951 μὲν
825 1875 890 1945 αὕτη

117 1969 129 2033 ί,
144 1963 258 2030 ἐπίδειξις
272 1963 334 2041 οῦχί
352 1969 413 2032 νῦν,
429 1963 498 2020 ἀλλὰ
512 1962 571 2021 τότε
586 1961 660 2019 ἔσται
676 1961 742 2032 δήλη
758 1961 827 2017 κατὰ
842 1960 891 2030 τὴν

114 2049 205 2130 ἡμέραν
219 2050 334 2121 ἐκείνην.
378 2049 467 2114 Μαίας
482 2048 529 2126 μὲν
540 2048 592 2127 γάρ
607 2048 684 2127 eopia
697 2048 741 2106 καὶ
753 2048 832 2126 τέχνη
848 2072 890 2106 το-

117 2143 198 2195 σοῦτον
213 2138 325 2196 δύναται
338 2137 416 2215 μόνον
425 2140 501 2210 ἰδεῖν,
515 2140 538 2195 εί
549 2136 617 2214 μῖξιν
630 2135 720 2217 ἀνδρὸς
729 2138 775 2195 οὐκ
789 2136 891 2205 ἐδέξατο

85 2225 141 2284 turo
152 2229 233 2302 σῶμα
250 2228 273 2283 εί
288 2224 374 2283 δὲκαὶ
389 2224 458 2303 άρὴν
474 2225 639 2303 ἀνελεύθερον
653 2225 699 2282 καὶ
713 2224 760 2295 τὴν
776 2224 828 2282 άπὸ
840 2228 890 2281 τῶν

85 2383 88 2392 ⁵
116 2313 260 2392 φιλημάτων
275 2313 325 2371 καὶ
341 2313 388 2383 τὴν
403 2318 454 2371 τῶν
470 2315 635 2391 περιπλοκιῦν
651 2311 771 2391 μοιχείαν
789 2312 891 2390 διέρογε

115 2400 153 2458 καὶ
166 2400 275 2480 ρθορίιν,
294 2401 411 2480 ηίμέρα
426 2400 538 2471 δηλώσει
550 2401 608 2458 τότε
624 2400 723 2473 ἐκείνη,
737 2399 798 2457 ὅταν
814 2404 827 2458 ὁ
841 2404 891 2469 ζῶν

116 2494 154 2546 τοῦ
165 2492 231 2548 Θεοῦ
244 2489 348 2564 Λόγος,
362 2487 421 2546 dede
433 2488 536 2568 κρυπτά
546 2492 597 2545 τῶν
610 2488 754 2567 ἀνθρώπων
767 2491 802 2554 εἷς
813 2489 891 2564 μέσον

116 2575 195 2653 άγων,
211 2576 323 2643 καὶτοῖς
336 2577 420 2657 λάθρα
433 2579 576 2654 γινομένοις
586 2578 691 2657 παρὼν,
706 2577 793 2634 πάντα
805 2576 891 2653 γυμνθι

86 2682 106 2720 α
117 2666 154 2722 καὶ
166 2665 394 2744 τετραχηλισμένα
417 2667 469 2744 πρδ
482 2670 534 2723 τῶν
552 2665 676 2724 ἁπάντων
695 2667 836 2746 ὀρθαλμῶν
851 2671 891 2746 θῇ·

116 2753 166 2809 τότε
180 2754 306 2830 εἰσόμεθα
323 2756 425 2826 καλῶς,
442 2757 465 2812 εἷ
483 2752 582 2813 τούτων
601 2756 655 2812 ἐστὶ
671 2755 785 2834 καθαρόν
800 2779 846 2813 σου
863 2756 892 2813 τὸ

117 2844 184 2916 σῶμα
198 2843 242 2899 καὶ
269 2841 399 2899 πάντοθεν
417 2841 537 2922 άρθορον.
581 2842 657 2913 Πλὴν
673 2843 729 2900 ἀλλ’
741 2841 812 2901 οὐδὲν
828 2843 892 2923 θπέρ

116 2927 203 2987 τούτοιν
216 2929 462 3010 ἀκριῦολογούμεθα
473 2932 531 2989 οὐδὲ
542 2933 745 3011 φιλονεικοῦμεν·
760 2929 828 2987 ἀλλὰ
838 2933 892 2988 κεί·

117 3022 163 3075 σθω
184 3017 246 3086 τέως
264 3015 333 3075 αὐτὸ
356 3017 463 3076 πάντων
487 3019 584 3077 τούτοιν
611 3019 817 3099 ὑπερενηνέχθαι
841 3022 892 3077 τῶν

89 3116 109 3154 ²⁰
118 3105 230 3177 δικτύων,
244 3105 294 3164 καὶ
305 3105 346 3176 εἴη
358 3106 485 3165 πάντοθεν
498 3105 630 3186 καθαρὸν,
646 3106 692 3164 καί
706 3105 794 3177 πάσης
808 3107 894 3177 ἠλευ-

118 3193 226 3270 θερώσθω
242 3192 365 3272 βλάθης,
379 3193 425 3251 καί
438 3192 537 3270 μενέτω
549 3192 675 3274 παρθένος
689 3198 706 3265 ί,
718 3192 854 3273 παρθένος·
868 3195 893 3253 τί

118 3284 182 3338 τοῦτο
193 3279 302 3360 πρθςτὰ
313 3280 437 3359 εἰρημένα
445 3281 508 3360 παρ’
522 3275 617 3358 ἡμῶν,
631 3283 684 3341 Καὶ
698 3281 749 3358 γάρ
764 3281 793 3339 τὸ
811 3281 890 3340 θεινό-

118 3388 184 3426 τατον
191 3371 240 3426 τῶν
246 3371 341 3428 δεινῶν
346 3368 424 3427 τοῦτό
431 3371 498 3444 ἐστι,
507 3368 552 3428 καί
559 3370 659 3450 μορίων
670 3368 750 3447 γέμον
761 3369 891 3451 δακρύων,

119 3453 153 3511 ὅτι
164 3462 284 3515 τοσοῦτον
301 3455 424 3532 ὑπέμεινε
437 3457 514 3516 πόνον
531 3459 657 3518 πάντοθεν
670 3458 698 3517 τὸ
716 3461 794 3535 σῶμα
807 3461 895 3529 διατη·

567 427 671 490 vlms
693 426 943 489 contutatus
964 430 1044 490 NON
1066 432 1255 493 ualeant.

1668 446 1722 498 175

937 569 1022 630 maiori
1036 570 1167 632 captivitati
1186 570 1299 620 traditam
1318 572 1423 620 aninlanr
1441 571 1684 639 inmemoremque
1698 577 1724 626 in

935 658 1057 706 ciuitatem
1070 658 1135 707 illam
1145 656 1209 706 dieta
1220 660 1292 720 stant,
1303 660 1419 720 mamrem
1431 664 1524 724 partem
1534 663 1670 713 transierat.

967 750 991 795 3.
1010 745 1057 795 Sed
1068 746 1129 794 torte
1140 746 1302 795 lamentorum
1313 748 1385 809 satis,
1402 750 1473 811 satis,
1493 750 1609 812 inquam,
1623 755 1653 801 nt
1667 754 1723 801 seri·

936 847 1007 908 ptura
1015 845 1158 907 libellusque
1167 846 1228 894 terre
1236 847 1445 910 potestraliuquiu
1452 848 1481 897 ad
1488 848 1629 912 condignam
1637 850 1725 900 animae

936 947 973 995 tot
984 945 1178 1007 malisoppressre
1187 944 1378 1007 deplorationem
1389 960 1466 1008 neque
1474 951 1647 1012 omnetempus
1656 950 1726 998 nuliis

936 1046 1066 1095 sultieeret.
1102 1045 1165 1104 Quid
1179 1045 1244 1094 enim
1261 1045 1316 1107 quis
1331 1045 1466 1108 deploraret
1477 1047 1599 1110 primum?
1611 1061 1642 1097 au
1659 1048 1725 1111 quud

937 1146 1073 1195 uenerabile
1083 1148 1108 1194 et
1118 1147 1230 1194 sanctum
1240 1148 1266 1196 et
1274 1159 1388 1208 magnum
1400 1160 1488 1196 nomen
1499 1149 1542 1197 Dei
1554 1162 1596 1211 per
1608 1163 1651 1198 vos
1665 1150 1725 1198 blas·

938 1246 1066 1309 plrematur
1079 1245 1238 1307 ingentibus,
1249 1249 1274 1296 et
1283 1246 1357 1308 ipsius
1366 1247 1441 1308 gloria
1451 1248 1608 1310 profanatur?
1617 1261 1648 1297 an
1658 1248 1724 1312 quud

937 1348 987 1394 tam
1002 1345 1142 1395 venerabilis
1155 1347 1179 1394 et
1195 1358 1282 1406 magna
1300 1359 1339 1395 res
1356 1346 1381 1394 in
1401 1346 1515 1396 insidiam
1533 1347 1679 1398 adducitur?
1694 1363 1725 1399 an

937 1446 1002 1509 qued
1021 1447 1106 1496 multae
1125 1446 1212 1495 animae
1229 1460 1325 1508 perros
1343 1449 1514 1498 tot'scandatis
1535 1449 1725 1512 perdunturian

937 1547 1002 1609 qnod
1019 1560 1077 1596 sana
1094 1560 1149 1610 pars
1165 1547 1232 1596 clausi
1245 1550 1333 1596 vestrae
1349 1548 1430 1609 gloriae
1443 1550 1538 1598 maenia
1559 1551 1719 1601 toedatnrian

938 1645 1003 1707 qnod
1013 1645 1231 1708 inexstinguibitem
1242 1648 1266 1694 et
1278 1645 1346 1694 vobis
1360 1648 1384 1695 et
1394 1647 1588 1699 cohabitantibus
1602 1648 1671 1700 robis
1682 1662 1725 1700 ac·

939 1744 1040 1794 uenditis
1052 1743 1145 1806 ignem?
1156 1746 1186 1794 et
1198 1744 1320 1806 quomodo
1332 1747 1493 1796 necessarium
1505 1751 1542 1798 est
1555 1752 1582 1798 ut
1592 1750 1645 1799 llaec
1657 1750 1726 1811 leant,

939 1845 1031 1908 inquit,
1042 1859 1098 1894 curu
1106 1844 1224 1907 possimus
1233 1844 1360 1896 ostendere
1368 1859 1456 1909 corpus
1464 1850 1574 1899 nostrum
1587 1863 1636 1899 non
1646 1863 1727 1900 corrri-

938 1949 1021 2009 ptum,
1033 1958 1110 2008 neque
1119 1946 1244 1995 vitiatum?
1252 1949 1344 1997 vuum
1352 1947 1405 1997 laec
1412 1947 1584 2000 demonstratio
1591 1964 1640 2001 non
1649 1964 1725 2015 nune,

938 2043 980 2092 sed
994 2044 1017 2092 in
1027 2043 1066 2092 die
1076 2042 1116 2091 illo
1132 2042 1178 2092 erit
1190 2045 1327 2097 manitesta.
1360 2046 1502 2097 Obstetrieis
1514 2048 1580 2098 enim
1597 2061 1637 2100 ars
1647 2055 1673 2100 et
1687 2065 1727 2101 sa·

939 2143 1027 2206 pientia
1037 2142 1084 2192 troc
1092 2142 1170 2192 solum
1181 2146 1260 2206 petest
1270 2145 1365 2206 nidere,
1374 2159 1406 2196 aa
1418 2160 1573 2210 congressum
1586 2150 1631 2199 riri
1641 2164 1728 2215 corpus

939 2243 1023 2292 tulerit
1038 2263 1044 2292 ι
1055 2256 1086 2291 an
1097 2257 1154 2292 nero
1169 2245 1260 2292 tactum
1274 2243 1441 2306 inhonestum,
1452 2249 1477 2296 et
1487 2246 1631 2297 adulterium
1641 2253 1666 2300 el
1676 2264 1727 2300 cor·

939 2342 1075 2405 ruptiunem
1087 2356 1117 2392 en
1129 2342 1217 2392 osculis
1227 2344 1409 2405 ctamplexibus
1417 2345 1537 2408 effugerit,
1552 2346 1603 2396 dies
1615 2349 1655 2397 illa
1667 2352 1728 2400 tunc

941 2444 1082 2504 declarabit,
1092 2443 1189 2505 quando
1200 2444 1282 2491 virum
1294 2443 1335 2492 uei
1347 2443 1464 2505 verbum,
1473 2444 1538 2507 quod
1548 2446 1643 2495 occulta
1653 2446 1728 2498 honri·

913 2551 917 2643 γ
941 2545 977 2592 uis
987 2544 1010 2592 iu
1023 2544 1129 2593 medium
1139 2543 1246 2603 adducit,
1257 2545 1281 2594 ei
1291 2557 1395 2607 prensens
1403 2558 1468 2595 nunc
1477 2546 1514 2595 iris
1524 2560 1578 2609 quae
1587 2548 1649 2597 clam
1657 2549 1727 2611 dunt,

913 2650 917 2704 t
940 2644 1021 2691 omnia
1033 2642 1098 2691 nuda
1116 2646 1140 2692 et
1158 2645 1241 2705 aperta
1259 2647 1314 2693 ante
1325 2645 1435 2694 omnium
1457 2645 1541 2694 oculus
1552 2650 1625 2708 ponet
1644 2667 1650 2697 ι
1669 2652 1729 2698 tunc

913 2706 918 2775 ί
940 2744 1044 2792 sciemus
1054 2743 1114 2792 bene
1124 2756 1155 2792 an
1169 2744 1200 2792 ab
1210 2743 1248 2792 iris
1258 2745 1290 2792 stt
1306 2756 1394 2805 purum
1412 2749 1436 2793 et
1445 2744 1608 2808 undequaque
1622 2747 1729 2797 incorru-

941 2849 1008 2905 ptum
1017 2847 1191 2905 corpustnum.
1224 2841 1729 2909 atqutdanisnontamexacteloquemur

941 2955 1019 3005 neque
1027 2940 1210 2991 contendemus:
1218 2939 1260 2991 sed
1268 2943 1382 3004 ponatne,
1392 2942 1509 3006 superatis
1516 2943 1629 2995 omnibus
1637 2947 1729 2999 retibus

940 3055 991 3091 esse
1000 3054 1087 3104 corpus
1098 3040 1257 3103 undequaque
1270 3051 1358 3102 purum
1369 3040 1400 3090 ab
1416 3043 1531 3105 omnique
1547 3043 1601 3094 labe
1615 3043 1728 3110 liberum,
1819 3040 1825 3050 ’

940 3143 965 3191 el
974 3144 1070 3190 maneat
1081 3142 1147 3203 uirgo
1165 3153 1221 3202 quae
1230 3140 1299 3202 virgo
1312 3140 1385 3202 :qnid
1400 3140 1446 3190 Ιιοο
1456 3141 1485 3189 ad
1495 3154 1586 3205 eaquae
1598 3143 1730 3197 dictasunt

941 3219 1151 3290 anobisi'litenim
1163 3240 1210 3288 ltoc
1220 3239 1331 3289 omnium
1343 3239 1511 3301 gravissimum
1521 3244 1571 3304 est,
1582 3244 1607 3292 et
1620 3243 1730 3306 piurimis

941 3342 1040 3404 dignum
1054 3341 1174 3402 lacrimis,
1188 3341 1253 3404 quud
1264 3345 1360 3390 tantum
1374 3341 1536 3405 undequaque
1545 3345 1685 3395 sustinuerit
1695 3346 1729 3396 ta-

941 3438 1040 3499 borem,
1056 3437 1182 3500 diligenter
1204 3438 1338 3488 observarit
1353 3451 1456 3501 eorpus,
1472 3442 1497 3489 et
1512 3453 1609 3491 omnem
1622 3443 1728 3494 laborem

90 3560 110 3600 n
122 3548 189 3623 ροῦστ
199 3544 325 3624 α’κριῦῶς,
333 3545 380 3604 καὶ
390 3544 477 3604 πάντα
487 3545 531 3604 τὸν
539 3546 617 3605 πόνον
627 3545 780 3622 ἐξεκένωσε,
792 3546 836 3604 καὶ
851 3546 894 3604 τὸν
915 3572 919 3602 ι
941 3551 1032 3588 Vinum
1046 3537 1191 3599 reddiderit»
1203 3539 1229 3588 Εἴ
1242 3538 1356 3587 θῦθθῐθῦ]
1365 3537 1492 3600 emilii»
1506 3543 1603 3604 Pf⁰l³¹⁰f
1617 3542 1728 3606 θῙῑθθθθ·

121 3634 204 3713 μόχθον
219 3635 309 3713 ἐξέχεε
331 3634 375 3692 διὰ
390 3639 438 3706 τῆς
460 3637 495 3700 εἷς
511 3635 555 3692 τὸν
572 3634 687 3712 Χριστὸν
706 3635 892 3713 βλασφημίας,
941 3636 1015 3686 miam
1030 3637 1054 3685 in
1064 3637 1200 3697 Christum,
1212 3649 1319 3700 cumque
1327 3636 1460 3699 pepercerit
1471 3639 1552 3698 carni,
1563 3652 1612 3688 nou
1620 3642 1729 3703 pepercit

121 3723 159 3777 ἐὶ
170 3727 212 3794 τῆς
226 3721 326 3803 σαρκὸς
337 3722 483 3802 γειναμένη
504 3727 551 3792 τῆς
567 3723 641 3793 δόξης
656 3725 703 3781 οὐκ
717 3721 838 3802 ἐφείσατο
849 3727 894 3781 τοῦ
940 3740 1022 3801 gloriae
1031 3739 1090 3801 uei,
1099 3739 1140 3789 sed
1150 3742 1179 3790 ιιι
1196 3740 1313 3790 inustum
1326 3740 1370 3804 ipsi
1381 3725 1491 3790 maneret
1505 3754 1592 3804 corpas
1601 3742 1682 3792 omnia
1692 3744 1728 3793 re-

120 3810 195 3919 0303,
207 3811 266 3870 ἀλλ’
282 3808 355 3878 ὅπως
369 3810 416 3885 pis
430 3811 565 3894 ἀνίπέίθν
578 3813 646 3893 αὐτῇ
664 3811 737 3890 θέλοι
750 3810 780 3871 τὸ
795 3813 892 3888 “dimi
941 3841 988 3903 ctt;
1002 3844 1030 3891 ut
1044 3848 1127 3891 autem
1144 3842 1184 3891 lile
1196 3855 1245 3891 non
1263 3841 1400 3892 afficeretur
1418 3844 1579 3904 eontrrmelia,
1597 3856 1642 3893 nec
1654 3843 1729 3894 delm-

120 3919 197 3956 ταντα
209 3900 348 3976 ἐποίησεν,
361 3901 433 3967 ὅσοις
451 3902 476 3960 δὲ
502 3905 597 3969 ἐκεῖνος
615 3902 653 3979 μὴ
676 3901 806 3979 θύρίζοιτο
826 3901 893 3978 μηδὲ

91 3994 112 4032 ⁴⁰
121 3985 315 4065 καταισχύνοιτο
322 3986 396 4067 παρά
406 3996 460 4055 τοῖς
468 3990 586 4067 πολλοῖς,
596 3988 655 4048 οὐδὲ
664 3988 739 4065 λόγον
752 3987 814 4067 ἔσχε
825 3987 893 4049 τινά.

122 4069 174 4129 iside
187 4074 232 4147 μὲν
246 4063 292 4133 οῦν
304 4070 343 4151 μὴ
357 4072 445 4133 πάντα
457 4073 570 4153 ἔπραττε
585 4074 630 4133 καί
641 4073 811 4150 ἐπετήδευεν,
822 4074 848 4144 ἐξ
858 4065 894 4131 ὧν

123 4161 135 4225 ί]
147 4164 185 4216 τοῦ
197 4162 266 4221 Θεοῦ
279 4160 453 4221 διαέάλλιται
467 4162 539 4231 defer.
585 4161 637 4222 Καὶ
652 4165 707 4228 πῶς
721 4166 797 4220 τοῦτο
809 4166 893 4240 ποιῦί;

123 4249 201 4324 φησι,
242 4248 356 4330 'mapa‘
375 4251 553 4310 ἀποχγιίουσα
573 4249 640 4327 ,Μὰ
662 4254 760 4320 ,Μῆς
782 4249 826 4308 ἐπὶ
849 4255 895 4322 ,ἧς
941 4243 1329 4314 virostecumiudomolnclnsos
1341 4256 1435 4305 semper
1444 4243 1489 4292 tibi
1499 4244 1633 4295 assidentes
1645 4246 1728 4296 trabea

124 4335 213 4413 οίιίσς,
233 4337 279 4396 καί
299 4337 441 4404 διαπαντός
460 4360 502 4396 σοι
526 4338 754 4418 παρακαθίζοοσα.
798 4340 832 4398 Εἰ
843 4337 895 4417 γάρ
942 4347 1004 4395 llam
1018 4345 1037 4395 sl
1048 4346 1112 4396 viros
1128 4345 1216 4395 habere
1230 4345 1408 4394 collaudatores
1419 4345 1583 4409 concupiscis,
1595 4359 1727 4413 uonopor·

93 4431 114 4469 ‘⁶
124 4421 208 4504 ἄνδρες
219 4428 354 4504 ἐπιθυμεῖς
365 4425 435 4505 ἔχειν
455 4431 651 4498 συνοικοῦντας,
666 4429 713 4484 Οὔκ
732 4425 783 4485 ἔδει
797 4432 895 4507 mpii·
940 4445 1008 4495 tebet
1016 4445 1179 4508 virginitatem
1189 4444 1369 4507 eligere,sedad
1378 4445 1473 4508 nuptias
1481 4446 1654 4496 transeundum
1662 4451 1728 4499 erat:

125 4510 173 4567 ’ίαν
187 4513 305 4586 ἑλέσθων
320 4514 379 4572 ἀλλ’
393 4513 438 4572 ἐπὶ
463 4514 507 4574 τὸν
522 4515 607 4591 ‘liii‘ov
629 4516 720 4573 ἔλθεθ’
740 4515 830 4594 πολλῷ
844 4514 894 4593 qdp
941 4545 1019 4594 multo
1029 4544 1094 4594 enim
1106 4544 1192 4593 melius
1201 4545 1236 4593 sic
1245 4543 1368 4605 nupsisse,
1381 4557 1454 4606 quam
1465 4545 1508 4594 llle
1521 4545 1593 4595 mode
1611 4546 1730 4610 uirginem

126 4599 215 4674 βέλτιον
232 4611 327 4681 γαμεῖν
342 4603 461 4676 ἐκείνως,
486 4601 687 4680 ἢπαρθενεύειν
706 4600 797 4667 οὕτως.
839 4600 894 4661 Τὸν

853 4687 865 4708 v

941 3943 1076 3992 aestaretur
1092 3942 1156 4006 apud
1175 3942 1278 4004 multos,
1290 3956 1322 3993 ue
1334 3942 1407 3991 ullam
1421 3943 1519 4005 quidem
1533 3957 1618 3994 curam
1632 3946 1725 3996 lrabuit.
1745 3989 1749 3998 ,

942 4043 1040 4092 tltinam
1049 4055 1097 4091 non
1107 4042 1188 4090 omnia
1200 4042 1308 4102 lecisset,
1318 4054 1363 4092 uec
1374 4055 1472 4106 operam
1484 4041 1605 4104 dedisset,
1616 4047 1644 4094 ul
1653 4046 1729 4108 gloria

941 4143 985 4192 Dei
1004 4142 1173 4193 infamaretur.
1206 4145 1237 4193 Et
1253 4142 1375 4206 quomodo
1389 4143 1435 4192 lioc
1448 4143 1527 4193 tucio?
1545 4144 1632 4207 inquit.
1666 4147 1730 4205 Quia

941 4643 1047 4707 profiteri
1056 4643 1147 4693 luisset.
1178 4644 1240 4692 Nam
1250 4642 1303 4692 illas
1312 4643 1563 4707 nuptiasnequetieus
1572 4645 1728 4707 condemnat,

125 4685 226 4769 μὲνγὰρ
239 4695 354 4750 τοιοῦτον
366 4691 452 4771 γάμον
464 4688 524 4750 οὔτε
537 4694 550 4749 θ
560 4690 628 4758 θεὸς
638 4689 821 4764 καταδικάζει,
836 4711 894 4747 oure

125 4771 245 4853 ἄνθρωποι
265 4778 446 4838 διαύάλλουσι·
466 4777 554 4854 τίμιον
576 4777 628 4857 γάρ
648 4780 704 4837 ἐστι
716 4775 747 4834 τθ
765 4783 893 4856 πρᾶγμα,

127 4861 208 4921 otiis«
234 4866 339 4925 ἀδικοῦν
362 4865 420 4925 οὐδὲ
441 4868 566 4938 πλῆττον·
590 4865 651 4937 ἡδὲ
674 4863 801 4945 παρθενία
826 4861 893 4935 αὕτη

940 4757 1019 4807 neque
1029 4744 1139 4794 homines
1148 4743 1344 4806 reprehendunt:
1357 4744 1458 4795 lronesta
1470 4745 1534 4795 enim
1546 4758 1584 4795 ros
1595 4748 1640 4806 ast,
1652 4746 1730 4796 nemi·

940 4851 997 4888 nem
1015 4837 1155 4901 ostendens,
1174 4838 1296 4888 nunidem
1318 4836 1408 4889 radens
1427 4838 1570 4901 :virginitas
1584 4841 1667 4889 autem
1686 4840 1726 4888 illa

941 4947 998 4984 eum
1010 4935 1068 4985 viris
1079 4935 1174 4999 plusab
1188 4935 1302 4986 omnibus
1310 4935 1429 4999 urgentior,
1438 4948 1511 4998 quam
1525 4935 1650 4985 fornicatio
1666 4936 1723 4998 ipsa.

124 4949 211 5023 ἡμιτίι
225 4954 323 5033 ἀνδρῶν
335 4953 456 5032 πορνείας
473 4952 660 5033 χαλεπώτερον
672 4952 745 5030 παρὰ
758 4960 824 5010 πᾶσι
837 4952 893 5009 δια-

125 5033 365 5112 edinen-„1122
378 5042 476 5102 οἰκεία,
490 5040 644 5100 ἀπολέσασα
657 5039 744 5114 τάξω,
759 5037 832 5096 κάτω
844 5060 894 5096 που
940 5033 1050 5094 Namque
1059 5044 1130 5106 snum
1141 5030 1219 5093 perdit
1233 5031 1356 5093 ordinem,
1370 5034 1395 5083 et
1412 5031 1436 5081 in
1453 5030 1597 5094 profundius
1610 5032 1725 5092 quamsit

125 5125 164 5182 καὶ
176 5131 237 5204 παρ’
249 5130 312 5188 αὐτὸ
325 5133 372 5201 τῆς
393 5129 514 5209 πορνείας
534 5129 685 5200 ἐξεκυλίσθη
707 5126 736 5185 τὸ
752 5129 891 5205 βάραθρον.
940 5124 1106 5176 fornicationis
1117 5125 1258 5175 barathrum
1268 5127 1344 5188 ejecta
1354 5129 1398 5175 est.
1431 5125 1586 5188 lteqrreenim
1598 5124 1724 5186 aliquiste

125 5211 186 5272 θύτι
197 5215 246 5295 γάρ
261 5219 325 5293 μετὰ
341 5222 391 5277 τῶν
412 5218 547 5286 παρθένων
569 5215 711 5297 ἀνάσχοιτά
726 5239 764 5283 τις
785 5213 816 5272 ἂν
839 5217 893 5293 ripr-
941 5223 977 5270 ret
989 5233 1046 5270 urm
1061 5219 1193 5284 virginibus
1205 5220 1326 5272 numerari
1336 5233 1390 5271 cam
1400 5233 1511 5284 quaeuon
1524 5222 1657 5285 curatque·
1668 5225 1725 5272 sunt
