3892 5867
109 402 220 481 imm)

108 538 241 616 ιλτςγῆναι
253 531 320 609 μετὰ
335 535 384 590 τῶν
398 533 553 609 ὑποκριτῶν.
599 531 670 592 Ἀλλ’
681 534 754 593 οὐδὲν
765 534 863 593 τούτων

107 626 216 683 ίθελαισιν
226 622 321 679 ἰδεῖνοί
333 626 536 700 κατηγοροῦντες
545 624 634 699 ἡμῶν·
645 613 663 692 ἦ
675 621 726 700 γάρ
737 620 769 679 ἂν
781 621 862 680 troii·

109 735 173 770 σσντο
182 706 391 789 μεμφόμενοιτὸν
406 710 452 766 οῦκ
469 708 590 769 ἐθέλοντα
605 709 749 769 άπολίσθαι
765 709 862 787 μάτην.

107 800 155 858 θύα
172 797 235 855 ἔστιν
256 798 318 870 ἡμῖν
334 795 393 873 περὶ
415 795 563 871 οἰκονομίας
582 801 665 877 πυροῦ
687 796 733 855 καί
756 802 864 877 κριθῶν,

88 886 153 944 coiit
166 887 227 964 βοῶν
244 882 289 941 καὶ
303 881 463 960 προῦσίτων,
481 883 540 942 οῦδὲ
555 884 615 965 περί
632 884 754 943 τοιούτων
772 884 864 944 ’ἄλλοιν

107 980 120 1043 ἡ
135 971 212 1052 rehtu<
226 974 243 1042 ἡ
258 970 418 1051 προκειμένη
433 976 494 1043 νῦν,
506 973 565 1031 ἀλλ’
579 972 645 1053 ὑπὲρ
658 973 736 1032 αῦτοῦ
754 978 800 1032 τοῦ
813 973 866 1032 σώ-

107 1082 173 1137 ματος
184 1063 224 1117 τοῦ
238 1057 337 1129 Ἰησοῦ.
380 1056 416 1117 Ἡ
431 1055 483 1139 γάρ
497 1056 646 1131 Ἐκκλησία
667 1064 713 1118 τοῦ
734 1061 865 1139 Χριστοῦ,

106 1146 161 1207 κατὰ
171 1146 210 1205 τὸν
224 1146 352 1224 μακάριον
372 1147 500 1222 Παῦλον,
514 1146 593 1225 σῶμά
605 1148 661 1206 ίστι
674 1151 719 1206 τοῦ
734 1150 864 1227 Χριστοῦ·

106 1236 141 1292 καί
153 1235 186 1292 dri
198 1233 237 1291 τὸν
251 1237 327 1291 τοῦτο
343 1231 550 1308 πεπιστευμένον
565 1236 601 1300 εἰς
613 1231 711 1302 εὐεξίαν
725 1233 788 1293 etro
799 1237 865 1294 πολ-

81 1345 97 1381 ιι
106 1322 145 1393 λὴν
152 1321 190 1380 καί
200 1322 291 1388 κάλλος
298 1319 437 1398 ἀμήχανον
447 1320 564 1389 tinnitu
574 1367 583 1395 ,
594 1327 731 1402 πανταχοῦ
740 1345 863 1404 πιρισκο·

107 1413 200 1479 ταῦντα,
212 1406 248 1480 μή
268 1430 320 1467 που
338 1408 478 1484 eustoc&
498 1409 583 1491 ῥυτὶς,
600 1409 618 1481 ἠ
631 1433 670 1478 τις
681 1410 760 1478 ἄλλος
775 1414 865 1488 μῶμος

107 1487 225 1577 mosei
238 1495 284 1566 πλν
298 1494 372 1576 ὥραν
382 1495 427 1555 καί
442 1494 491 1566 τὴν
503 1494 662 1578 εὖπρόπειαν
676 1498 866 1575 λυμαινόμενος

107 1583 199 1655 θιείνην·
212 1584 255 1643 καὶ
272 1582 298 1641 τί
312 1584 366 1662 γὰρ
380 1581 440 1641 ἀλλ’
458 1581 476 1655 ἢ
491 1588 539 1654 τῆς
552 1584 716 1662 ἐπικειμένης
736 1588 808 1667 αύτῷ
821 1609 866 1644 κε-

108 1672 189 1749 φαλῆς,
200 1672 244 1739 τῆς
258 1669 396 1749 θκηράτου
409 1667 456 1728 καί
471 1670 616 1750 μακαρίας,
629 1671 699 1740 ἄξιον
716 1671 781 1731 σθτθ
796 1673 866 1731 κατὰ

82 1782 98 1817 ιι
108 1757 195 1833 δύναμιν
205 1756 250 1829 τὴν
264 1757 430 1838 ἀνθρωπείαν
444 1758 615 1839 θποφαίνειν,
627 1761 662 1820 Ei
676 1759 727 1838 γάρ
740 1760 866 1841 τοῖςπερὶ

107 1844 144 1914 rip
155 1844 286 1917 ἀθλητικὴν
306 1845 410 1914 εὐεξίαν
425 1846 600 1906 ἐσπουδακόσι
619 1847 665 1905 καὶ
680 1850 776 1927 ἰατρῶν
788 1849 865 1929 χρεία

107 1933 142 1989 καί
150 1932 329 2012 παιδοτριθῶν,
342 1934 390 1993 καί
402 1935 503 2006 διαίτης
513 1933 715 2014 ήκριύωμίνης,
724 1936 770 1994 καί
782 1934 866 2007 ἀσκή-

107 2043 157 2089 σειις
168 2028 295 2102 συνεχοῦς,
304 2024 353 2083 καί
368 2022 463 2104 μυρίας
473 2023 683 2105 παρατηρήσεως
696 2024 786 2106 ἑτέρας
803 2024 866 2108 (καί

108 2110 223 2189 γάρκαίτθ
232 2112 310 2191 τυχὸν
318 2114 346 2171 ἰν
360 2113 447 2180 αὐτοῖς
453 2111 584 2193 παροφθὲν
592 2112 679 2172 πάντα
689 2113 813 2195 σἰνίτριψε
821 2113 866 2172 καί

81 2198 250 2275 enutrio),
260 2202 284 2259 οἱ
295 2200 326 2259 τὸ
339 2202 420 2277 σῶμα
437 2201 589 2281 θεραπεύειν
599 2201 723 2280 λαχόντες
734 2206 823 2273 τοῦτο,
836 2201 867 2261 τὸ

106 2289 142 2355 τὴν
154 2288 252 2358 θθλησιν
266 2289 295 2347 οὗ
308 2287 375 2369 πρὸς
387 2286 516 2365 σώματα,
529 2288 598 2347 ἀλλὰ
608 2289 673 2368 πρὸς
682 2288 727 2358 τθις
743 2290 867 2369 ἄοράτους
905 2326 907 2329 -

107 2374 204 2449 δυνάμεις
212 2375 269 2454 ἔχον
277 2420 286 2448 ,
294 2379 353 2443 πῶς
363 2375 427 2434 αῦτθ
435 2376 589 2447 δυνήσονται
600 2376 737 2456 φυλάττειν
746 2376 866 2457 άκόραιον

107 2462 141 2518 καί
155 2460 221 2539 ύγιλς,
234 2463 271 2540 μὴ
282 2463 352 2522 πολὺ
365 2462 413 2534 τλν
424 2463 587 2544 ἀνθρωπίνην
598 2463 797 2544 ῦπερύαίνοντες
808 2467 867 2545 ἀρε·

107 2548 142 2618 rip
152 2549 191 2608 καί
201 2550 269 2629 πόση
283 2555 360 2632 ψυχῇ
373 2551 520 2632 πρόσφορον
534 2551 703 2628 ἐπιστάμενοι
714 2554 866 2632 θεραπείαν,

82 2648 99 2688 n
136 2632 167 2696 Ἣ
181 2638 272 2715 θγνοεῑς
295 2636 336 2696 ότι
345 2638 392 2697 καί
404 2638 507 2697 πλείοσι
519 2641 567 2710 τῆς
575 2638 705 2719 ἡμετέρας
718 2640 812 2719 σαρκὸς
821 2639 867 2699 καί

113 2719 176 2790 τόσοις
193 2724 234 2783 καὶ
248 2724 402 2793 ἰπιθουλαῖς
418 2731 494 2784 τοῦτο
512 2725 649 2784 ὑπόκειται
663 2727 693 2785 τὸ
709 2731 803 2804 σῶμα,
822 2727 868 2788 καί

109 2812 184 2869 θᾶττον
195 2814 268 2871 αὐτοῦ
281 2813 425 2894 φθείρεται,
438 2813 485 2871 καί
497 2812 665 2892 σχολαίτερον
677 2814 801 2891 ὑγιαίνεις
814 2814 868 2874 Καί

109 2898 148 2963 τοῖς
159 2897 201 2974 μίν
208 2902 292 2958 ἐκεῖνα
303 2899 479 2981 θεραπεύουσι
490 2899 524 2960 τά
539 2898 652 2978 σώματα
665 2904 710 2960 καὶ
722 2903 867 2982 φαρμάκων

109 2981 218 3063 ίξιύρηται
231 2988 365 3061 ποικιλία,
378 2987 424 3046 καί
436 2987 555 3067 ὀργάνων
567 2988 684 3068 διάφοροι
697 2989 868 3063 κατασκευαί,

83 3071 143 3127 teet
159 3074 242 3154 τροφαί
254 3079 307 3142 τοῖς
321 3080 429 3134 νοσοῦσι
446 3073 624 3147 κατάλληλα·
636 3076 761 3143 πολλάκις
778 3076 806 3136 di
823 3076 869 3137 καί

110 3156 166 3232 γύαις
186 3162 262 3242 θέρων
286 3163 387 3243 ἤρκεσε
408 3161 475 3239 μόνη
500 3161 566 3244 πρὸς
585 3161 633 3233 τὴν
657 3167 703 3222 τοῦ
726 3164 870 3242 κάμνοντος

109 3245 197 3320 θγίειαν·
212 3249 265 3309 ἔστι
277 3250 305 3310 dt
319 3250 388 3309 ὅπου
401 3250 446 3308 καί
460 3249 541 3316 ύπνος
555 3249 714 3331 προσπεσὼν
729 3254 765 3319 είς
778 3253 868 3331 καιρὸν

110 3334 186 3400 παντὸς
198 3336 329 3408 θπηλλαξε
346 3337 428 3396 πόνου
442 3337 486 3395 τὸν
502 3337 600 3418 ίατρόν.
643 3339 775 3398 Ἐνταῦθα
790 3338 817 3396 δὲ
829 3340 869 3396 ού·

110 3419 141 3475 tir
152 3421 239 3483 τούτων
252 3428 393 3497 ἐπινοῆσαι
403 3425 486 3484 ἔστιν·
497 3424 565 3483 titt
576 3426 624 3502 μία
638 3449 675 3493 τις
685 3425 752 3504 μετά
761 3427 794 3484 τὰ
804 3426 868 3506 ἔργα

84 3506 190 3570 θθὲθοεοι
208 3513 314 3593 μηχανὴ
330 3514 378 3574 καί
394 3512 533 3593 θεραπείας
547 3514 621 3591 ὁδὸς,
638 3518 655 3586 ἡ
671 3513 714 3572 διίι
728 3519 773 3573 τοῦ
789 3515 867 3592 λόγου

110 3595 252 3659 διδασκαλία·
271 3607 352 3662 τοῦτο
363 3602 484 3681 όργανον,
498 3606 574 3662 τοῦτο
585 3601 681 3685 τροφὴ,
695 3607 772 3662 τοῦτο
785 3603 869 3682 θέρων

112 3692 183 3759 κρίσις
193 3689 295 3770 ἀρίστη·
307 3694 388 3749 τοῦτο
399 3689 457 3747 ἀντὶ
467 3689 615 3770 φαρμάκου,
628 3695 705 3748 τοῦτο
716 3689 772 3749 deri
780 3692 869 3770 πυρὸς,

111 3774 170 3830 τοῦτο
181 3776 232 3833 ἀντὶ
244 3776 367 3857 σιδήρου·
379 3774 428 3834 κάν
440 3782 537 3835 καῦσαι
549 3776 604 3849 δέη,
616 3776 665 3835 κάν
677 3785 774 3854 τεμεῖν,
786 3778 870 3857 τούτῳ

110 3862 228 3935 ῑεχρῆαθσι
242 3863 347 3941 ἀνάγκη
357 3887 364 3899 ·
375 3861 424 3922 κᾶν
436 3869 513 3923 τοῦτο
525 3863 562 3940 μὴ
576 3843 606 3943 ᾗ,
621 3864 708 3923 πάντα
722 3863 823 3945 οίχεται
836 3865 869 3925 τὰ

85 3941 182 4006 ”itiit-
218 3953 243 4011 Τ
244 3951 311 4032 ούτῳ
328 3951 376 4011 καί
389 3951 514 4028 κειμένην
529 3952 661 4033 ἐγείρομεν
677 3954 721 4011 καί
737 3954 866 4033 φλεγμαί-

110 4052 184 4091 νουσαν
196 4040 406 4114 καταστίλλομεν
418 4037 465 4109 τὴν
479 4038 583 4119 ψυχὴν,
598 4039 644 4098 καί
658 4037 691 4098 τίι
706 4041 814 4120 περιττὰ
826 4063 870 4100 πε·

112 4119 252 4203 ξθύπτομεν,
267 4126 313 4185 καί
325 4125 362 4185 τὰ
374 4125 498 4185 λιίποντα
511 4129 675 4206 πληροῦμεν,
692 4127 737 4187 καὶ
751 4127 784 4187 τά
801 4129 869 4187 ἄλλα

111 4206 178 4267 πάντα
197 4213 374 4292 ίργαζόμεθα,
394 4214 444 4272 ὅσα
474 4216 510 4281 είς
533 4214 581 4286 τὴν
599 4220 646 4287 τῆς
668 4218 754 4297 ψυχῆς
772 4216 870 4296 ῦγίειαν

111 4295 283 4367 instituerim
325 4302 453 4384 Πρὸςμίν
462 4301 513 4382 γάρ
521 4302 578 4382 βίου
587 4301 751 4365 κατάστασιν
761 4304 870 4383 ἀρίστην

85 4380 153 4453 “itit
166 4384 242 4467 ίτερος
259 4391 295 4458 τίς
308 4390 366 4449 ἴσον
382 4389 414 4448 ἂν
431 4390 554 4468 θναγάγοι
573 4393 668 4461 ζῆλον·
685 4390 748 4450 όταν
765 4390 793 4450 dt
809 4392 870 4471 περὶ

112 4467 208 4546 &mpure
219 4481 281 4557 νοσῇ
295 4482 312 4549 ἡ
327 4476 401 4558 ψυχὴ
417 4477 450 4536 τῦ
465 4479 543 4552 νόθα,
564 4476 650 4551 πολλὴ
666 4485 712 4540 τοῦ
727 4478 806 4558 λόγου
822 4482 869 4538 όν-

112 4561 177 4617 τιῦθα
194 4565 210 4633 ἡ
226 4564 320 4641 χρεία,
344 4566 373 4622 οῦ
392 4565 456 4644 πρός
470 4563 518 4635 τὴν
536 4568 588 4624 τῶν
607 4565 710 4625 οἰκείων
725 4567 871 4647 ἀσφάλειαν

113 4643 185 4718 μύκον,
201 4651 265 4708 ἀλλὰ
276 4652 322 4710 καί
336 4651 400 4733 πρὸς
411 4652 470 4720 τοὺς
484 4652 577 4720 ἔξωθεν
592 4653 731 4728 πολέμους.
774 4656 807 4714 Ei
823 4653 870 4729 μὲν

112 4728 150 4807 tt?
162 4755 194 4798 τις
206 4735 258 4815 ίχοι
271 4736 318 4810 τὴν
332 4740 468 4820 μάχαιραν
483 4744 528 4797 τοῦ
542 4739 703 4817 πνεύματος,
722 4740 766 4798 καὶ
781 4740 871 4820 θυρεὸν4

87 4816 204 4888 usim
213 4831 344 4902 τοσοῦτον,
355 4830 390 4895 ῶς
400 4828 526 4885 δύνασθαι
538 4828 760 4905 θαυματουργεῖν,
771 4827 815 4884 καὶ
828 4826 870 4885 dud

115 4906 154 4960 τῶν
170 4913 304 4988 προσείων
317 4914 350 4972 τὰ
368 4918 419 4972 τῶν
439 4915 619 4993 ἀναισχύντων
632 4913 789 4995 ἐμφράττειν
807 4913 869 4974 στό-

115 5013 185 5068 ΙᾸΜ,
206 4998 277 5058 οὐδὲν
293 5000 325 5059 ἂν
345 5002 428 5062 δέοιτο
446 5006 493 5072 τῆς
513 5003 566 5061 ἀπὸ
581 5007 626 5060 τοῦ
641 5003 718 5080 λόγου
736 5003 870 5081 βοηθείας·

637 401 686 461 ou
707 354 956 462 ssceeoomo.
982 404 1052 463 ιισ.
1077 403 1127 463 ιν.

1636 415 1689 468 eoi
1718 449 1720 453 -

911 541 1055 603 exteriores,
1069 542 1198 605 dissecari,
1213 543 1237 592 in
1253 543 1435 606 hypocritarum
1449 556 1552 594 numero
1568 546 1692 596 constitut.

915 640 1007 688 iterum
1020 640 1102 688 tamen
1116 640 1224 689 omnium
1235 639 1295 689 nihii
1309 639 1455 702 perpendere
1465 638 1553 691 vetunt
1568 643 1694 690 accusato·

912 736 1032 789 resnostri
1048 750 1054 786 τ
1069 738 1175 801 atioqutn
1188 738 1261 789 tinem
1270 738 1381 802 culpandi
1391 740 1443 802 ejus
1457 740 1576 798 iacerent,
1590 741 1694 803 quinon

913 833 1000 883 trustra
1017 835 1094 896 perire
1110 835 1178 887 vetit.
1211 837 1264 885 Non
1287 835 1366 897 agitur
1387 850 1451 886 nune
1473 836 1504 887 de
1521 836 1697 900 dispensatione

913 926 1026 978 immenti
1038 931 1063 978 et
1069 928 1168 991 hordei,
1180 929 1255 979 boum
1267 932 1291 980 et
1301 931 1397 991 ovium,
1408 931 1560 995 atiommque
1566 933 1695 995 similium,

912 1024 952 1072 sed
962 1023 993 1074 dc
1003 1025 1054 1088 ipso
1064 1027 1122 1075 iesu
1135 1038 1244 1088 corpore.
1277 1029 1337 1076 liam
1350 1027 1455 1077 Ecetesie
1464 1028 1553 1078 christi
1562 1029 1696 1080 secundum

913 1118 1011 1169 beatum
1029 1120 1131 1170 Paulum
1146 1120 1259 1180 (coloss.
1276 1128 1298 1170 t.
1315 1122 1360 1184 18)
1374 1135 1461 1186 eorpus
1471 1123 1559 1177 Christi
1571 1127 1625 1175 eet:
1641 1139 1696 1188 par·

912 1226 961 1276 que
975 1215 1012 1263 eet
1022 1226 1094 1274 eum,
1106 1213 1146 1263 cui
1157 1227 1245 1278 corpus
1255 1215 1313 1266 titud
1328 1216 1447 1267 creditum
1461 1219 1512 1279 eet,
1523 1218 1575 1280 ejus
1587 1218 1696 1269 tiabttum

912 1309 1031 1371 optimum
1047 1312 1072 1360 et
1093 1310 1213 1373 ingentem
1227 1311 1432 1375 pulchritudinem
1447 1327 1652 1379 summecurare,
1672 1321 1698 1368 et

912 1405 1020 1468 undique
1031 1405 1214 1469 circumspicere
1234 1405 1346 1467 (Epeos.
1362 1414 1386 1456 5.
1411 1407 1467 1468 27),
1480 1420 1510 1457 ue
1529 1410 1639 1470 macuta,
1657 1410 1697 1461 uei

913 1512 987 1561 roga,
999 1499 1038 1549 ret
1053 1499 1119 1549 tabee
1133 1499 1218 1550 similis
1232 1500 1284 1560 eius
1295 1500 1399 1562 speeiem
1416 1513 1446 1550 ec
1464 1501 1577 1552 meorum
1591 1503 1698 1554 dehone-

912 1593 969 1643 stet.
1002 1593 1034 1643 nt
1044 1591 1103 1657 quid
1114 1592 1181 1644 atiud
1191 1595 1303 1657 pruriet,
1315 1607 1389 1655 quem
1398 1596 1426 1644 nt
1440 1594 1498 1644 titud
1513 1597 1592 1660 eapite
1600 1598 1699 1649 immor·

912 1688 954 1738 teti
968 1700 998 1737 ac
1015 1688 1087 1739 beato
1105 1688 1204 1749 dignum
1227 1688 1355 1750 exhibent,
1372 1691 1491 1752 meantum
1505 1692 1603 1754 quidem
1624 1692 1699 1745 tremo

913 1783 1027 1843 prestare
1040 1783 1134 1845 potenti
1147 1785 1207 1833 Nam
1222 1783 1264 1844 qui
1279 1783 1402 1833 attrtettean
1412 1783 1548 1834 habitudini
1568 1785 1628 1836 dant
1646 1800 1700 1850 ope·

913 1888 980 1937 ram,
997 1888 1059 1939 opus
1080 1875 1170 1925 habent
1188 1876 1300 1936 medicis,
1319 1876 1472 1940 pndotribis,
1493 1878 1565 1928 diaeta
1586 1883 1700 1931 accurate

913 1971 1062 2033 temperata,
1079 1971 1250 2023 exercitatione
1274 1970 1392 2032 frequenti
1402 2009 1409 2033 ,
1421 1971 1566 2035 intuituque
1585 1974 1698 2025 observa·

913 2067 997 2115 tione:
1013 2064 1101 2115 etenim
1124 2064 1143 2114 ei
1157 2065 1214 2128 quid
1230 2065 1268 2115 eet
1284 2065 1411 2116 minimum
1424 2067 1570 2130 negitgatur,
1582 2068 1606 2118 td
1617 2071 1700 2121 omnin

914 2160 1001 2209 evertit
1017 2172 1046 2209 ae
1056 2158 1157 2222 dejicit:
1176 2158 1192 2208 ii
1207 2158 1412 2223 quibuseorporie
1427 2160 1516 2211 cirrieti
1532 2175 1590 2211 cura
1603 2162 1699 2213 incum-

914 2253 968 2314 bit,
983 2253 1022 2302 eui
1034 2253 1128 2316 corpori
1147 2256 1270 2303 certamen
1287 2256 1338 2315 est,
1350 2267 1399 2303 non
1418 2257 1502 2304 eontra
1523 2268 1641 2319 corpora,
1656 2257 1698 2307 sed

913 2348 998 2397 contra
1013 2346 1145 2397 invisibiter
1165 2349 1312 2410 potestates,
1328 2347 1450 2410 quomodo
1466 2349 1525 2399 iitud
1542 2349 1661 2411 integrum
1675 2354 1701 2403 et

914 2455 1001 2492 sanum
1011 2454 1107 2492 eernere
1119 2444 1249 2505 petemnt,
1263 2442 1308 2492 nisi
1327 2441 1459 2491 humanam
1469 2442 1583 2492 virtutem
1595 2443 1700 2492 muitum

913 2534 1101 2597 transcendant,
1119 2543 1144 2587 ιι
1157 2550 1254 2587 omnem
1276 2537 1364 2586 animae
1378 2537 1462 2586 utiien
1475 2524 1583 2588 'curandi
1599 2536 1700 2588 modum

914 2632 1096 2696 prouenerint?

945 2728 1012 2793 [tlt]
1023 2734 1059 2780 λιι
1068 2729 1162 2793 ignores
1172 2729 1218 2779 troc
1227 2741 1315 2797 eorpus
1324 2728 1433 2791 pluribus
1441 2730 1465 2779 et
1475 2730 1565 2781 morbis
1573 2733 1599 2781 et
1608 2731 1701 2785 imidiis

914 2830 1049 2882 obnoxium
1070 2844 1137 2891 esee,
1157 2844 1230 2894 quam
1248 2844 1345 2880 earnem
1362 2833 1488 2891 nostrem,
1506 2831 1613 2895 itemque
1629 2833 1701 2885 cittue

915 2932 1037 2995 eorrumpi
1049 2933 1190 2996 tardiusque
1198 2933 1293 2983 sanari?
1307 2935 1419 2983 Humana
1430 2935 1494 2982 certe
1503 2945 1604 2996 corpore
1615 2946 1701 2985 curan·

915 3037 981 3087 tibus
994 3036 1061 3087 sarie
1075 3037 1172 3087 inventa
1183 3035 1422 3098 suntmedieamtna,
1441 3036 1592 3089 diversomm
1608 3039 1700 3091 insuu-

915 3143 1052 3190 meutorum
1070 3140 1215 3202 apparatus,
1233 3138 1347 3189 alimenta
1362 3140 1433 3203 egris
1447 3142 1602 3202 congruentia
1617 3161 1624 3193 τ
1640 3143 1702 3193 aeris

914 3254 1011 3304 qnoque
1020 3242 1108 3290 natura
1117 3253 1182 3303 saepe
1190 3240 1279 3290 sutdcit
1286 3239 1317 3289 ad
1326 3240 1383 3303 mgni
1396 3241 1573 3303 valetudinem
1582 3244 1619 3292 eet
1628 3244 1701 3294 etiam

915 3353 972 3389 cum
988 3354 1087 3391 somnus
1107 3342 1243 3403 opportune
1260 3340 1349 3391 cedens
1365 3353 1463 3392 omnem
1479 3342 1573 3392 medico
1593 3343 1700 3393 laborem

915 3443 1016 3493 auferat.
1051 3445 1096 3493 tite
1113 3456 1170 3491 vero
1183 3443 1243 3492 nihii
1255 3442 1332 3494 simite
1343 3443 1472 3506 excogitari
1486 3446 1580 3506 potest;
1597 3436 1638 3493 sed
1653 3458 1701 3494 una

916 3548 968 3606 post
985 3557 1085 3606 operum
1103 3545 1241 3606 exemptum
1258 3544 1330 3592 datur
1349 3543 1461 3593 machina
1477 3543 1566 3606 viaque
1582 3543 1612 3593 ad
1629 3556 1701 3593 mra-

917 3639 1024 3699 tionem,
1042 3652 1128 3701 nempe
1145 3638 1213 3688 verbi
1224 3638 1344 3689 doctriua.
1378 3641 1429 3688 iioe
1444 3640 1482 3688 eet
1497 3639 1701 3701 instrumentum,

916 3743 961 3791 Ιιοο
969 3756 1031 3802 esea,
1042 3743 1088 3792 hoc
1095 3741 1156 3793 aeris
1165 3744 1293 3806 temperies
1299 3744 1399 3806 optima,
1409 3742 1456 3792 hoe
1465 3742 1518 3793 rice
1523 3741 1702 3802 medicamenti,

916 3846 962 3895 troc
977 3845 1030 3894 vice
1043 3845 1141 3907 ignisne
1151 3845 1205 3894 vice
1217 3846 1272 3894 terri
1285 3864 1291 3894 ε
1304 3846 1356 3895 eive
1368 3845 1497 3904 urendum,
1511 3844 1561 3894 eive
1570 3845 1702 3894 secandum

915 3947 959 4008 sit,
976 3945 1017 3995 iiio
1030 3948 1066 3995 utt
1080 3959 1176 3996 necesse
1188 3948 1224 3996 eet
1237 3960 1244 3994 ε
1256 3945 1322 4010 quod
1334 3947 1354 3995 et
1368 3958 1417 3995 nou
1434 3946 1499 4006 ticet,
1517 3946 1608 4008 setique
1618 3947 1701 3995 omoie

916 4045 1037 4095 incessum
1053 4046 1152 4096 abeunt.
1191 4048 1243 4095 Hoc
1262 4047 1288 4094 et
1300 4044 1418 4106 iacentem
1430 4043 1535 4092 animam
1551 4043 1702 4104 excitamus,

916 4147 941 4194 et
952 4148 1087 4195 tumentem
1098 4145 1283 4207 compescimus,
1294 4145 1319 4191 et
1331 4141 1490 4192 redundantia
1501 4141 1664 4205 precidimua,
1677 4144 1703 4190 et

916 4240 1051 4291 deficientia
1065 4241 1219 4304 supplemus,
1234 4241 1259 4289 et
1271 4239 1364 4301 retique
1375 4237 1456 4287 omnio
1470 4236 1585 4298 tacimus,
1600 4250 1656 4300 qure
1670 4237 1701 4287 ed

916 4334 1004 4383 animes
1020 4335 1149 4386 conterunt
1165 4332 1365 4384 incolumitatem.
1398 4330 1503 4380 Nemad
1518 4331 1702 4395 vitteopttmam
1768 4328 1777 4339 “

916 4432 1112 4481 constitutionem
1127 4431 1227 4482 citerius
1240 4430 1291 4480 rite
1304 4429 1336 4479 ed
1346 4428 1425 4479 simite
1438 4404 1546 4479 eudon
1559 4432 1584 4480 et
1600 4430 1701 4479 omota-

916 4527 1006 4576 tionem
1024 4538 1138 4599 revocare
1154 4525 1229 4587 possit
1244 4539 1251 4574 τ
1266 4537 1325 4574 cum
1345 4526 1427 4574 autem
1438 4526 1519 4575 anima
1540 4525 1605 4574 circe
1619 4525 1701 4587 spuria

916 4620 1029 4682 dogmate
1041 4621 1156 4680 egrotus,
1168 4620 1227 4668 tunc
1238 4616 1304 4668 verbi
1315 4631 1372 4668 usus
1382 4620 1487 4668 maxime
1499 4619 1647 4669 necessarius
1655 4622 1701 4680 oet,

917 4727 964 4762 non
983 4713 1013 4762 od
1031 4713 1217 4762 domesticorum
1231 4712 1384 4761 securitatem
1399 4713 1510 4775 tantum,
1530 4711 1700 4762 verumetiam

916 4806 946 4856 ad
960 4806 1141 4856 exterminetis.
1173 4809 1234 4859 liam
1251 4806 1269 4855 si
1284 4805 1339 4868 quis
1353 4806 1467 4855 tremeam
1484 4805 1581 4868 spiritus
1597 4804 1700 4864 habeat,

916 4906 1077 4966 ctypeumque
1090 4902 1145 4951 iidci
1157 4902 1246 4963 intem,
1264 4904 1291 4951 ut
1304 4900 1378 4963 possit
1388 4902 1503 4951 miracuta
1514 4901 1597 4960 edere,
1613 4902 1637 4948 et
1646 4912 1701 4961 por·

916 5000 989 5050 tentis
1000 4998 1176 5062 impudentium
1186 5011 1228 5047 ora
1238 4989 1372 5059 obstruere,
1387 4996 1445 5046 nituit
1455 5009 1516 5058 opus
1527 4995 1598 5045 tuerit
1611 4994 1699 5054 verb03

115 5082 195 5147 μῦθον
208 5086 232 5144 et
246 5089 303 5146 ieet
323 5091 380 5150 τότε
394 5091 526 5171 ἄχρηστος
544 5094 561 5161 ἡ
579 5090 671 5151 τούτου
690 5090 780 5170 φύσις,
802 5091 870 5150 ἀλλὰ
917 5095 966 5144 imo
982 5107 1013 5145 ne
1024 5097 1084 5144 tunc
1095 5093 1192 5156 quidem
1205 5094 1297 5144 inutilis
1310 5093 1372 5143 esset
1386 5091 1438 5151 eius
1452 5090 1551 5148 uatum,
1567 5085 1608 5136 seri
1625 5085 1699 5135 etiam

115 5164 207 5229 ιαίλίιν
216 5174 353 5253 ἀναγκαία.
397 5178 669 5260 Καίγίιρθμιικύριος
681 5180 869 5248 Παῦλοςαύτὸν
916 5189 1048 5240 admodum
1060 5190 1199 5241 necessarie.
1233 5190 1330 5241 Etenim
1343 5191 1370 5240 Β.
1383 5186 1471 5237 ΡιιιΙιιο
1489 5185 1564 5247 ipsam
1575 5180 1696 5242 adtribuit,
