3892 5867
474 687 535 802 S.
585 684 899 802 tubunis
945 683 1474 799 CHRYSOSTOMI

709 961 907 1054 OPERA
943 961 1205 1054 subactu

534 1195 634 1281 Qua
659 1195 704 1267 ιιι
728 1196 812 1268 uoc
836 1194 1057 1270 vouuunue
1082 1196 1394 1268 conumuuuun.

832 1431 1116 1468 4—

951 1687 978 1747 1.

211 1861 376 1924 huruusus
400 1877 640 1924 oaeueusrones
670 1878 751 1922 vrrs
777 1878 964 1922 uonusrrcne
993 1879 1078 1921 uram
1103 1878 1190 1923 uass.
1211 1894 1252 1906 —
1273 1862 1381 1923 Valens
1400 1862 1572 1940 Imperator,
1595 1864 1769 1925 Arianornm

171 1958 273 2020 haeresi
289 1961 403 2021 deditus
416 1968 446 2020 et
459 1961 612 2020 catholicis
626 1960 773 2033 infensus,
787 1976 864 2019 enno
880 1970 935 2019 ata
951 1961 1107 2019 monaches
1120 1976 1220 2019 omnes
1234 1946 1350 2021 sedibus
1368 1962 1433 2036 pelli
1448 1971 1477 2020 et
1498 1966 1528 2020 in
1551 1964 1684 2021 militiam
1698 1981 1768 2021 con-

171 2057 255 2115 scribi
268 2060 363 2131 jussit.
380 2057 464 2128 Quod
479 2072 568 2131 quum
583 2057 822 2132 chrysostomus,
838 2059 889 2129 qul
904 2063 967 2114 tum
988 2055 1093 2124 arebat
1113 2072 1222 2114 annum
1241 2057 1531 2131 duodetricesimum,
1546 2061 1576 2115 in
1597 2074 1711 2118 secessu
1725 2058 1768 2116 dt·

170 2153 304 2226 diclsset‚
320 2153 405 2208 amici
419 2157 523 2225 rogatu
540 2150 594 2208 hos
618 2150 704 2208 libros
717 2154 889 2224 composuit.
914 2150 950 2207 lu
965 2153 1059 2224 primo
1072 2150 1156 2209 docet
1172 2159 1315 2225 qnantum
1336 2153 1391 2209 sibl
1413 2152 1530 2227 periculi
1550 2154 1700 2212 attrahant
1718 2157 1771 2227 qul

169 2252 284 2304 sanctos
304 2252 334 2304 et
358 2245 408 2303 Del
431 2249 539 2303 amicos
553 2253 739 2320 oppugnant,
755 2262 813 2302 nou
827 2247 969 2318 pllsenim
983 2248 1070 2315 viris,
1085 2246 1135 2303 sed
1155 2244 1339 2321 sibimetipsis
1359 2250 1486 2306 maxime
1506 2264 1625 2321 nocere;
1645 2249 1675 2307 id
1691 2250 1770 2324 quod

170 2340 324 2400 ωηῆιιιιιιῑ
338 2341 472 2415 exemplo
486 2340 674 2414 ludaeorum,
690 2344 741 2415 qui
753 2341 832 2415 quod
843 2340 990 2399 Christum
1005 2349 1097 2399 morte
1108 2341 1267 2401 affecerant
1280 2343 1489 2419 apostolosque
1504 2353 1661 2416 vexarent,
1675 2349 1705 2403 ln
1721 2363 1771 2404 eas

168 2436 349 2498 calamitates
362 2437 524 2496 inciderunt
537 2451 611 2510 quas
622 2435 764 2510 losephns
777 2443 996 2495 commemorat.
1008 2436 1119 2495 Deinde
1128 2442 1365 2498 monasteriorum
1375 2441 1405 2497 lu
1418 2446 1500 2498 taum
1510 2444 1576 2500 viter
1586 2444 1770 2517 corruptione

169 2537 371 2593 necessitatem
382 2532 514 2608 deplorat
526 2538 556 2590 ct
569 2533 686 2606 quantis
699 2546 729 2588 se
742 2532 874 2605 periculis
889 2533 1019 2590 eximant
1031 2534 1083 2605 qui
1099 2534 1128 2589 in
1142 2540 1253 2591 montes
1265 2534 1418 2603 secedunt,
1430 2539 1560 2609 exponit.

210 2630 245 2688 In
258 2628 385 2688 secundo
402 2628 475 2686 libro
486 2635 597 2702 petrem
612 2623 766 2700 infidelem
778 2628 838 2685 slve
851 2627 982 2686 noudum
995 2627 1159 2686 credentem
1176 2630 1207 2686 iu
1221 2628 1367 2689 Christum
1387 2631 1554 2706 alloquitur,
1571 2635 1655 2707 cnjus
1676 2632 1770 2690 lilium

170 2724 358 2784 christianam
377 2723 545 2799 religionem
563 2723 763 2797 amplexatum
784 2740 820 2782 err
834 2723 905 2782 urbe
925 2725 1076 2783 recessisse
1089 2726 1356 2802 monachorumque
1376 2730 1467 2785 vitam
1489 2730 1648 2802 suscepisse
1668 2727 1768 2803 fingit3

169 2827 201 2878 ct
221 2818 355 2879 humanis
378 2822 534 2879 ratiociniis
562 2826 592 2880 et
615 2820 758 2893 exemplis
780 2826 910 2878 veterum
934 2819 1100 2879 ararormn
1125 2822 1243 2895 probat,
1259 2839 1326 2881 enm
1347 2825 1399 2898 qni
1424 2826 1523 2882 omnia
1542 2825 1678 2900 despicit,
1704 2842 1772 2884 uero

170 2916 292 2974 divitem
306 2931 383 2989 csse,
400 2918 564 2990 virtuteque
577 2932 630 2974 sua
644 2916 793 2974 clariorem
807 2915 883 2973 eillcl
898 2932 987 2990 quam
1000 2915 1162 2976 alliceretur
1175 2921 1309 2977 maximis
1329 2921 1447 2995 opibus,
1469 2921 1594 2996 deniqne
1616 2938 1634 2979 a
1655 2925 1772 2981 nemine

170 3027 256 3086 posse
270 3011 347 3070 laedi.
364 3009 399 3069 In
419 3011 477 3069 llne
495 3017 596 3070 narrat
615 3014 739 3070 amicum
758 3011 812 3070 sibl
834 3010 923 3070 inisse
942 3013 1051 3070 ethnici
1073 3013 1198 3072 hominis
1221 3016 1331 3085 illium,
1352 3016 1538 3075 christianam
1559 3018 1771 3097 philosophiam

171 3104 354 3181 amplexum,
373 3108 465 3165 invito
481 3113 577 3181 putre3
593 3123 680 3180 quem
696 3109 799 3176 minis,
814 3107 939 3165 vinculis
959 3113 989 3164 ct
1009 3112 1144 3166 aerumnis
1163 3110 1229 3167 aliis
1251 3110 1289 3167 ed
1304 3113 1428 3184 priorem
1450 3113 1541 3170 tritam
1562 3128 1697 3172 reuocare
1719 3132 1772 3173 eo·

171 3208 294 3279 natum,
309 3218 344 3260 eo
358 3202 474 3260 tandem
487 3206 651 3260 constantia
669 3202 909 3272 ranacharium,
924 3207 958 3260 ul
972 3218 1098 3262 errorem
1114 3212 1281 3281 agnosceret
1293 3215 1323 3265 et
1338 3207 1416 3267 hunc
1429 3207 1522 3267 illium
1542 3225 1600 3267 nou
1615 3209 1773 3269 anteferret

172 3296 260 3354 modo
273 3298 393 3371 ceteris,
407 3295 459 3353 sed
472 3300 559 3370 patm's
574 3296 638 3353 loco
650 3295 779 3354 haberet.

213 3391 248 3449 ln
270 3392 356 3450 tertio
371 3391 445 3449 libro
460 3391 548 3465 longa
561 3393 691 3449 oratione
705 3388 946 3466 patremfidclem
959 3394 1021 3452 stre
1035 3394 1223 3453 christianum
1243 3396 1413 3474 alloquitur,
1428 3414 1549 3458 monens
1569 3415 1606 3458 ne
1628 3400 1720 3460 illium
1741 3403 1771 3460 ln

174 3492 287 3544 montes
307 3485 438 3544 secedere
458 3485 603 3543 volentem
624 3502 642 3543 a
665 3488 810 3543 sententia
835 3486 976 3556 deducat3
992 3488 1096 3547 deinde
1119 3492 1279 3551 insectatur
1302 3501 1434 3567 parentes
1455 3497 1506 3569 qui
1525 3494 1650 3554 liliorum
1669 3496 1772 3555 solutis

173 3595 274 3639 curam
287 3596 346 3639 non
360 3580 484 3656 habent,
501 3586 531 3638 et
543 3587 653 3655 quanta
666 3597 780 3639 morunr
795 3585 939 3657 corruptio
955 3585 1103 3643 civitatem
1118 3589 1271 3660 invaserit,
1288 3588 1520 3665 eloquentissime
1540 3591 1676 3651 describit
1691 3612 1699 3651 :
1720 3596 1770 3650 vin

173 3690 208 3732 ac
219 3690 258 3732 ne
272 3677 320 3733 le
333 3673 451 3750 quidem
465 3691 550 3749 posse
563 3677 686 3734 salutem
698 3676 792 3733 curari
807 3677 835 3733 iu
851 3680 931 3735 tanta
947 3680 1081 3738 vitiorum
1093 3681 1225 3739 colluvie.
1243 3682 1319 3741 Hinc
1337 3684 1546 3745 monacharum
1566 3690 1657 3746 vitam
1672 3687 1772 3745 laudat

173 3774 204 3828 el
215 3769 432 3829 memorabilem
447 3769 597 3828 historiam
611 3768 700 3830 ailert
710 3773 825 3847 juvenis
838 3787 856 3830 a
868 3773 997 3831 solitario
1012 3774 1129 3833 homluc
1141 3778 1171 3834 in
1184 3778 1193 3833 i
1196 3793 1249 3852 psa
1262 3778 1334 3837 urbe
1348 3779 1471 3839 educati.

861 3987 995 4048 ·11.

216 4170 263 4230 Da
284 4186 491 4230 vrucrnrraru
512 4173 573 4231 slve
597 4172 695 4231 calibe
716 4174 982 4235 ulta.-Nescltur
994 4193 1053 4252 quo
1072 4184 1201 4254 tempore.
1219 4182 1345 4255 scriptus
1359 4182 1397 4239 sit
1420 4179 1491 4238 liber
1502 4185 1770 4256 prestantissimae,

177 4269 300 4329 fortasse
312 4285 370 4327 non
386 4284 503 4344 prorsus
516 4268 554 4327 ad
568 4267 656 4328 llnem
671 4270 835 4345 perductus.
849 4275 1077 4350 —hrgnmeuta
1091 4276 1212 4351 singulis
1223 4277 1364 4352 capitibus
1378 4281 1537 4352 praeposita.

900 4502 945 4563 Ill
961 4510 990 4562 et
1009 4503 1061 4563 tv.

217 4690 381 4749 hnvunsus
402 4704 456 4748 uos
477 4706 530 4759 our
554 4708 636 4750 neon
657 4710 691 4751 sa
712 4711 836 4754 nenena
856 4712 1005 4757 venereas
1027 4715 1296 4760 snururnonucrns
1317 4698 1544 4778 (συνεισᾶκτους).
1566 4705 1655 4776 Quoo
1677 4719 1775 4764 naeu-

179 4802 273 4847 usaas
295 4784 461 4862 (κανονικαί)
477 4804 606 4847 murare
626 4807 712 4849 rrurs
733 4807 930 4851 conseruare
950 4811 1014 4854 non
1036 4813 1189 4854 bausens.
1202 4797 1385 4857 -Pnlladio
1397 4807 1488 4869 teste,
1504 4818 1564 4860 non
1584 4800 1677 4860 mnlto
1693 4808 1775 4876 post-

178 4897 267 4957 quam
279 4881 435 4956 Episcopus
449 4884 597 4943 ordinatus
612 4875 720 4959 inerat,
736 4888 956 4964 chrysostomus
966 4894 1087 4950 eximias
1101 4893 1154 4951 has
1166 4897 1307 4952 orationes
1320 4899 1443 4969 scripsit,
1454 4905 1486 4955 nt
1498 4897 1647 4955 hominum
1663 4901 1773 4956 strirtae

178 4977 310 5051 religioni
334 4976 517 5037 addictorum
539 4996 649 5040 morem
672 4983 827 5057 quemdam
852 4983 1090 5044 absurdissimum
1113 4988 1280 5046 eradicaret.
1299 4987 1442 5048 Nimirum
1458 4992 1584 5049 calibem
1600 4997 1630 5048 et
1642 4999 1772 5050 sanctam

179 5073 270 5129 uitam
281 5070 408 5147 amplexi
421 5076 475 5131 virl
490 5076 615 5150 uirgines
626 5077 706 5136 domi
717 5094 777 5137 suae
788 5077 947 5148 habebunt,
963 5081 1095 5138 custodes
1109 5097 1170 5138 sese
1183 5098 1282 5140 earum
1293 5082 1416 5142 terentes
1432 5102 1466 5143 ac
1480 5086 1569 5145 veluti
1580 5093 1705 5156 tutores3
1726 5089 1771 5144 t'e—

181 5169 376 5227 minuentem
390 5184 456 5244 qum
471 5171 674 5249 nirglaltatlse
691 5174 899 5244 obstrinxerant,
916 5177 984 5232 uiris
997 5174 1202 5236 cohabitabant
1221 5180 1271 5253 qul
1291 5179 1434 5239 bonorum
1460 5181 1517 5239 illis
1531 5189 1560 5240 et
1580 5185 1646 5242 ritae
1667 5199 1771 5242 nems-

952 5295 1002 5350 ιιι]
