3892 5867
167 409 225 465 481

166 521 283 590 εὐκολίας
303 522 351 594 τὴν
372 523 478 603 ἀρετήν.
521 522 603 586 Ἔνθα
624 525 703 607 pstor
721 529 873 606 ίστλν,ίκεῖ
895 534 942 591 καί

166 608 343 685 ίλεημοσίινης
358 611 476 682 σπουδὴ,
490 611 532 669 καί
546 615 624 691 εὐχῆς
639 613 773 687 ἐπίτασις,
786 619 832 677 καὶ
842 620 942 700 δάκρυα

164 696 249 774 θερμά
263 697 308 754 καλ
324 697 481 769 ἐπάλληλα,
501 699 546 755 καλ
564 702 705 778 στεναγμοὶ
726 705 826 774 πολλὴν
841 705 943 784 ἔχοντες

163 780 212 851 τὴν
226 782 373 850 κατάνυξιν.
415 783 499 844 Οὐθὲν
511 785 561 864 γθρ
577 785 644 845 οὕτω
654 789 783 847 κατεσθίει
798 790 845 867 μὲν
856 773 943 871 ἆμαρ-

136 866 286 944 ιτιίματα,
303 869 396 947 ἀρετ-ην
423 870 450 929 δὲ
465 869 586 937 αὔξεσθαι
607 882 677 932 ποιεῖ
698 875 743 933 καλ
770 877 889 948 θάλλειν,
909 883 943 945 ὡς

164 955 284 1026 διηνεκὴς
298 956 378 1036 φόύου
392 955 481 1034 φύσις·
496 959 538 1017 διὰ
549 965 625 1034 τοῦτο
636 960 679 1018 τὸν
691 961 727 1035 μθ,
739 967 855 1030 συζῶντα
869 964 942 1041 φύύῳ

165 1040 302 1121 ἀμήχανον
319 1045 497 1121 κατορθῶσαι·
516 1042 604 1124 ὥσπερ
616 1038 660 1105 οὐν
674 1047 717 1105 τὸν
732 1049 758 1104 tu
771 1047 844 1129 φόθιρ
858 1052 942 1117 ζῶντα

165 1127 292 1187 ἀδύνατον
306 1129 469 1207 διαμαρτεῖν.

204 1213 252 1285 Μὴ
262 1216 347 1274 τοίνυν
362 1218 501 1296 ἀλγῶμεν,
516 1218 663 1295 ἀγαπητοί,
682 1220 749 1295 μηδὲ
768 1222 942 1282 καταπίπτω·

125 1325 150 1365 ιιι
166 1326 213 1377 μεν
227 1301 270 1360 δαί
284 1307 317 1383 τῇ
333 1302 452 1382 παρούσῃ
470 1304 571 1385 θλίψει,
585 1307 651 1364 ἀλλὰ
666 1308 841 1387 θαυμάσωμεν
852 1311 881 1368 τύ
896 1313 941 1369 εὐ-

166 1388 284 1469 μήχανον
300 1395 347 1462 τῆς
360 1396 406 1449 τοῦ
422 1393 492 1450 Θεοῦ
505 1392 605 1470 σοφίας.
646 1394 687 1452 Δι’
701 1385 738 1451 ὧν
749 1396 799 1474 γὰρ
813 1398 942 1474 προσεδό-

165 1499 244 1546 κησεν
268 1481 282 1535 6
302 1476 420 1542 διάύσλος
443 1477 580 1548 colundium
600 1483 676 1555 ἡμῶν
700 1483 877 1555 καταθαλεῖν,
899 1485 943 1543 διὰ

165 1562 264 1620 τούτων
276 1563 357 1635 αὐτὴν
370 1567 383 1620 6
401 1564 468 1630 Θεὸς
481 1563 607 1634 ἀνέστησε
626 1568 670 1625 καὶ
683 1567 849 1646 ἀνιύρθωσεν·
862 1574 876 1627 6
892 1570 940 1647 μὲν

165 1648 216 1727 γθρ
226 1650 345 1717 διάὸσλος
358 1650 496 1708 ἔνίπνευσί
505 1673 558 1709 τισι
569 1653 729 1730 παρανόμοις
744 1655 887 1734 ἀνθρώποις
897 1658 942 1714 καὶ

128 1756 152 1794 rs
166 1738 201 1802 τίς
214 1736 308 1804 αὐτοὺς
324 1740 375 1795 τῶν
394 1735 522 1812 βασιλέοιν
537 1737 643 1814 ὐάρίσαι
659 1739 758 1818 [τούς]
772 1744 939 1822 ἀνδριάντας,

165 1819 208 1877 ίνα
232 1822 277 1886 καὶ
291 1822 354 1879 αὐτὸ
374 1827 421 1891 τῆς
438 1822 537 1887 πολεως
555 1825 685 1905 ἀφανισθῇ
704 1829 734 1882 τὸ
760 1826 868 1906 ἔδαφος·
883 1836 897 1888 6
915 1831 942 1888 δὲ

166 1905 233 1971 Θεὸς
245 1909 315 1984 αὐτῷ
330 1905 362 1978 δὴ
369 1906 453 1986 τούτῳ
466 1911 503 1987 τῷ
512 1909 676 1989 γεγενημίνῳ
688 1915 751 1992 πρὸς
762 1914 942 1992 σωφρονισμὸν

166 1996 241 2067 ἡμῶν
256 1992 364 2051 πλείονα
383 1995 571 2073 ἀπεχρήσατο,
589 2000 626 2074 τῷ
641 1998 713 2078 φόόιρ
735 2004 781 2070 τῆς
796 2004 943 2079 προσδοκῶ·

167 2077 246 2152 με’νης
264 2081 374 2149 ἀπειλῆς
386 2091 474 2138 πᾶσαν
497 2081 615 2141 ἐκύαλὼν
633 2083 776 2164 ῥαθυμίαν·
791 2086 836 2144 καὶ
853 2089 942 2164 γε’γονε

125 2184 154 2224 to
166 2165 312 2224 τούναντίον
325 2166 417 2245 ἤπερθ
435 2168 535 2246 δαίμων
548 2173 660 2243 ἠθέλησε
678 2174 711 2230 δι’
726 2163 852 2240 ὧνάὐτθς
862 2198 942 2233 κατε-

166 2255 302 2314 σκεύασεν.
345 2253 379 2314 Ἦ
394 2255 444 2335 γδρ
458 2259 533 2323 πόλις
546 2263 610 2333 ημῖν
621 2262 679 2319 καθ’
691 2260 802 2332 ἑκάστην
817 2262 943 2320 ἐκκαθαί-

170 2366 242 2421 ρεται
251 2342 299 2413 τὴν
308 2343 421 2423 ἡμέραν,
431 2343 477 2401 καί
488 2349 615 2407 στενωποὶ
627 2347 673 2406 καί
683 2348 787 2425 ἅμφοδα
799 2350 843 2408 καί
855 2351 943 2427 άγυιαλ

165 2434 217 2488 τῶν
227 2434 355 2509 πορνικῶν
366 2430 410 2487 καὶ
420 2433 644 2508 θιακεκλασμίνων
655 2435 845 2510 ἀπηλλάγησαν
856 2438 943 2518 ᾀσμά·

165 2540 233 2588 των,
251 2517 297 2575 καί
308 2515 425 2594 ὅπουπερ
437 2516 468 2574 άν
479 2541 519 2584 τις
537 2518 594 2598 top,
610 2521 681 2579 λιταί
698 2522 744 2579 καί
754 2523 881 2603 εὐφημίαι
897 2526 943 2583 καί

127 2625 154 2664 as
166 2605 266 2683 δάκρυα
281 2603 337 2661 tud.
351 2604 462 2678 γέλωτος
471 2605 584 2665 ἀτάκτου
594 2651 602 2678 ,
614 2606 658 2666 καί
674 2607 779 2688 ῥήματα
790 2611 943 2689 φιλοσοφίαν

166 2690 260 2769 ίχοντα
274 2691 332 2748 tut
350 2690 473 2771 ῥημάτων
489 2694 619 2774 αίσγρῶν·
634 2694 679 2752 καί
692 2695 818 2767 ἐκκλησία
839 2696 942 2773 γέγονεν

165 2781 229 2854 ἡμῖν
244 2783 261 2848 η
274 2777 349 2843 πολις
361 2776 467 2852 ἅπασα,
482 2782 534 2836 τῶν
549 2782 728 2858 ἐργαστηρίων
742 2783 944 2858 ὐποκεκλεισμέ·

166 2864 282 2938 νων,καλ
293 2864 396 2926 πάντων
406 2870 431 2925 ἐν
444 2868 499 2930 ταῖς
509 2868 653 2943 πανδήμοις
662 2867 767 2934 ταύταις
777 2868 943 2949 διημερευόν-

166 2973 217 3008 των
238 2956 320 3017 λιταῖς
340 2954 384 3009 καὶ
404 2951 448 3008 τὸν
471 2951 539 3010 Θεθν
555 2962 604 3032 μιᾷ
625 2960 669 3013 καί
693 2959 764 3032 κοινίγ*Ι
782 2961 854 3034 φωνῇ
877 2955 943 3031 μιτθ

127 3056 154 3097 to
166 3041 266 3109 πολλῆς
276 3039 424 3098 καλούντων
434 3043 480 3109 τῆς
490 3041 644 3117 προθυμίας.
687 3042 767 3108 Ποῖσς
775 3039 860 3100 ταῦτα
871 3043 944 3122 λόγος

167 3127 260 3185 άνῦσαί
271 3150 334 3184 ποτε
350 3125 458 3204 ἴσχυσας
470 3127 533 3185 ποία
550 3127 721 3208 παραίνεσις;
739 3127 778 3194 τίς
793 3129 943 3205 συμὸουλή,

166 3213 247 3273 πόσον
259 3213 352 3294 χρόνον
365 3217 464 3289 μῆκοςς

207 3299 258 3358 Διὰ
276 3304 352 3359 τσύτσ
364 3302 579 3378 ιύγαριστῶμιν,
593 3301 631 3376 μὴ
644 3301 865 3377 άποδυσπετῶμεν
876 3306 943 3380 μηδί.

106 3457 109 3460 ¹
167 3386 389 3464 δυσχεραίνωμεν.
430 3382 494 3443 Ὅτι
504 3387 554 3462 γὰρ
566 3386 645 3444 καλὸν
656 3392 670 3446 6
683 3385 775 3467 φύθοτ,
788 3389 886 3456 ίδίδαξε
896 3391 942 3466 μὲν

128 3495 155 3536 as
168 3472 213 3531 καὶ
235 3471 269 3530 rt
287 3473 429 3550 εἰρημένα·
450 3472 561 3530 άκουσον
584 3472 611 3530 δθ
629 3474 675 3531 καί
691 3477 860 3549 Σολομῶντος
884 3478 953 3556 περί

168 3561 247 3617 αὐτοῦ
269 3558 359 3617 τούτου
381 3562 594 3639 φιλοσοφοῦντας,
616 3561 786 3638 Σολομῶντος
801 3568 846 3621 τοῦ
871 3564 942 3641 πάσῃ

168 3669 231 3704 συντ
248 3644 355 3724 αφίντος
373 3650 458 3725 τρυφῇ
472 3645 517 3704 καί
529 3648 627 3717 πολλῆς
639 3648 832 3715 ἀπολαύσαντας
844 3651 942 3717 εὐθείας.

167 3737 192 3794 Τ
194 3733 203 3791 ί
216 3756 261 3792 ουν
277 3733 373 3798 ἐκεῖνός
388 3756 484 3811 φησιν;
503 3760 513 3783 ι
530 3733 635 3810 ’λγαθὸν
650 3738 805 3813 πορευθῆναι
822 3740 859 3803 εἰς
874 3728 943 3796 οἶκον

167 3819 283 3892 πίνθους,
295 3817 312 3889 ἢ
324 3824 480 3898 πορευθῆναι
489 3821 525 3884 είς
534 3808 604 3877 οἶκον
614 3820 737 3898 γέλωτος.
752 3847 763 3872 ιι
804 3821 839 3882 Τί
852 3820 944 3897 λέγεις,

127 3931 154 3969 tu
167 3906 224 3967 τίπτ’
239 3927 301 3983 μοις
317 3906 381 3965 ὅπου
398 3909 488 3983 θρῆνος
512 3905 556 3963 καί
580 3906 681 3985 δάκρυα
699 3907 745 3965 καλ
765 3908 879 3984 οἰμωγαί
898 3909 943 3966 καί

167 3994 245 4065 ὀδύνη
260 3993 304 4051 καί
327 3995 426 4068 ἀθυμία
440 3991 569 4064 τοσαύτη,
588 3995 688 4071 βελτιον
709 3995 830 4052 ἀπελθεῖν
844 3995 943 4070 μᾶλλον

167 4080 185 4147 ἢ
199 4079 263 4139 θπσο
277 4081 379 4158 χορεῖαι
389 4079 434 4138 καλ
445 4078 571 4155 κύμθαλα
584 4079 629 4138 καὶ
643 4079 724 4156 γιλως
735 4080 780 4137 καὶ
800 4079 884 4160 τρυφὴ
898 4081 944 4139 καί

168 4166 300 4246 άδηφαγία
321 4166 366 4228 καί
380 4165 465 4237 μέθης
480 4165 547 4238 Ναί,
561 4164 635 4246 φησί.
678 4168 754 4231 Τίνος
768 4164 866 4243 ἕνεκεν,
886 4168 942 4226 siut

168 4275 229 4327 μοι,
243 4253 287 4314 καί
300 4253 343 4310 διθι
357 4253 400 4325 τί,
422 4252 486 4312 Ὅτι
501 4254 596 4311 ἐκεῖθεν
613 4252 660 4329 μίν
675 4253 813 4332 παροινία,
830 4255 943 4319 ίντεύθεν

127 4358 154 4396 ts
169 4339 196 4396 δί
211 4336 363 4420 σωφροσύνη
379 4338 508 4397 τίκτεται·
521 4338 570 4398 κδν
581 4338 681 4417 ἀπέλθῃ
694 4363 732 4406 τις
746 4343 782 4406 είς
796 4341 859 4398 εὐπυ
876 4363 942 4397 ωτε-

170 4449 214 4507 ρσυ
229 4424 392 4500 συμπόσιον,
410 4425 494 4484 οὐκίτι
508 4426 576 4503 μετὰ
589 4432 636 4496 τῆς
656 4429 735 4497 αὐτῆς
748 4427 842 4497 ἡδονῆς
852 4363 944 4507 ίφεται

169 4709 257 4766 ρεστος
274 4685 319 4750 καὶ
337 4686 390 4752 τοῖς
408 4687 519 4752 σίκίταις
534 4686 646 4754 καὶτοῖς
669 4687 782 4755 παιδίοις
801 4687 847 4745 καί
864 4696 944 4745 πᾶσιν

684 409 737 469 λθ
752 410 934 473 POPUlUM
957 415 1242 481 latrocinantia

1639 428 1699 504 (rar,
1714 429 1764 504 rso)

990 536 1035 586 Ubi
1049 538 1123 587 timor
1137 543 1189 601 est,
1208 538 1242 589 lbi
1253 541 1279 591 et
1300 539 1459 603 eleemosyna
1478 542 1601 605 studium,
1613 545 1637 593 et
1650 547 1770 596 orationis

988 639 1103 702 intentio,
1125 648 1149 692 et
1163 643 1276 706 lacrymas
1302 644 1419 694 ferventes
1432 645 1457 693 et
1470 644 1603 707 continue,
1623 647 1648 695 et
1662 647 1768 708 gentius

988 740 1090 791 multam
1115 742 1232 792 babentes
1255 744 1472 806 compunctionem.
1503 745 1566 793 lliiril
1583 746 1648 794 enirn
1672 748 1767 796 tantum

988 841 1085 896 peccata
1098 839 1231 901 consumit,
1243 840 1403 903 virtutemque
1410 854 1516 891 crescere
1526 842 1583 891 lacit
1591 847 1616 892 et
1624 844 1769 904 germinare,

987 938 1105 996 quantum
1117 938 1205 987 assidui
1217 939 1311 989 timoris
1322 943 1416 989 natura.
1448 943 1574 1003 Propterea
1591 942 1633 1004 qui
1644 956 1693 991 nen
1705 943 1770 991 vivit

987 1032 1013 1080 in
1027 1033 1128 1094 timore,
1148 1041 1213 1084 recte
1235 1036 1302 1085 ilium
1326 1050 1396 1098 agere
1414 1050 1461 1086 uon
1483 1040 1520 1087 est
1543 1038 1679 1099 possibile:
1703 1039 1770 1088 sicut

988 1136 1093 1187 vicissim
1104 1151 1160 1187 cum
1173 1141 1258 1189 timore
1267 1143 1387 1191 viventem
1397 1144 1433 1190 est
1441 1142 1587 1205 impossibile
1596 1155 1703 1204 peccare.

990 1278 993 1283 -
1019 1244 1054 1292 lle
1068 1243 1139 1304 igitur
1149 1243 1288 1304 doleamus,
1301 1245 1395 1310 dilecti,
1411 1260 1489 1309 neque
1507 1248 1614 1296 animum
1629 1247 1767 1309 desponde·

988 1352 1059 1389 amus
1078 1341 1110 1390 ob
1134 1348 1277 1404 presentem
1304 1343 1497 1407 tribulationem,
1518 1346 1559 1395 sed
1583 1346 1695 1396 solertem
1723 1346 1770 1396 bet

987 1436 1127 1500 sapientiam
1142 1438 1296 1489 admiremur.
1329 1441 1396 1491 Unde
1411 1456 1514 1505 namque
1525 1443 1645 1493 civitatem
1657 1449 1769 1495 συνίησι

988 1531 1096 1581 diabolus
1107 1545 1134 1582 se
1147 1545 1287 1583 eversurum
1299 1536 1420 1597 speravit,
1432 1536 1564 1587 indoneus
1576 1538 1680 1586 restituit
1690 1539 1769 1599 iream

988 1634 1013 1681 et
1027 1633 1138 1681 correxit.
1171 1632 1286 1682 Diabolus
1302 1646 1388 1696 nempe
1401 1634 1545 1710 quibusdam
1563 1634 1643 1695 impiis
1660 1635 1768 1684 bomini·

989 1734 1034 1782 bus
1046 1734 1173 1796 inspiravit
1186 1736 1212 1784 ut
1226 1737 1400 1796 imperatorum
1413 1737 1505 1783 statuas
1519 1735 1610 1794 injuriis
1629 1735 1768 1796 afficerent,

988 1845 1037 1894 qim
1050 1834 1075 1881 ct
1088 1832 1166 1893 ipsum
1182 1831 1246 1880 urbis
1256 1833 1335 1880 sotum
1349 1832 1525 1894 destrueretur3
1542 1836 1607 1882 Deus
1618 1836 1700 1882 autem
1721 1834 1768 1883 Ιιοσ

987 1931 1040 1992 ipso
1054 1930 1116 1980 iacto
1135 1930 1164 1979 ad
1187 1929 1300 1990 majorem
1317 1932 1423 1979 nostram
1440 1933 1612 1980 correctionem
1628 1945 1690 1980 usus
1708 1935 1766 1992 est,

987 2028 1132 2091 exspectatae
1142 2028 1332 2077 comminationis
1341 2027 1426 2077 timore
1437 2017 1672 2078 omnemextrudens
1681 2033 1766 2092 torpo-

988 2139 1059 2175 rem:
1076 2131 1101 2175 et
1117 2126 1205 2174 luctum
1216 2128 1253 2174 est
1270 2128 1354 2173 contra
1369 2137 1442 2187 quam
1458 2124 1554 2173 dmmon
1569 2125 1721 2199 volebat,·es
1734 2128 1763 2175 iis

988 2235 1043 2285 quae
1054 2222 1104 2284 ipsc
1114 2225 1240 2271 struxerat.
1273 2221 1364 2269 civitas
1375 2221 1439 2268 cuim
1450 2220 1632 2282 quotidianobis
1640 2234 1762 2283 expurga·

988 2324 1035 2379 tur,
1048 2319 1073 2367 et
1085 2317 1202 2379 angiporti
1214 2323 1238 2365 et
1249 2316 1312 2365 bivia
1330 2320 1355 2365 et
1371 2316 1456 2377 piatam
1471 2315 1576 2365 liberatas
1587 2318 1730 2366 ιιιστείτίεἰίε
1741 2321 1767 2367 et

988 2415 1086 2466 lubricis
1103 2418 1160 2465 sunt
1173 2414 1298 2475 cantibus,
1315 2417 1340 2462 rt
1351 2426 1504 2476 quocumque
1525 2414 1654 2476 respexerit
1663 2415 1765 2476 aliquis,

986 2513 1170 2576 supplicationes
1183 2515 1208 2561 et
1217 2511 1393 2561 benedictiones
1403 2511 1546 2572 etlacryuvae
1558 2524 1602 2572 pro
1615 2511 1663 2559 risu
1675 2511 1767 2571 soluto,

987 2615 1012 2662 ct
1025 2612 1098 2660 verba
1117 2608 1293 2673 pirllosoplriavn
1314 2608 1425 2658 iubentia
1445 2622 1488 2671 pro
1502 2609 1581 2658 verbis
1599 2609 1711 2670 turpibus
1723 2626 1731 2658 ι
1741 2611 1769 2660 et

987 2712 1086 2762 ecclesia
1102 2712 1164 2760 iacta
1180 2709 1250 2759 nobis
1268 2711 1305 2759 est
1327 2709 1414 2758 civitas
1425 2711 1491 2770 totu,
1503 2709 1605 2758 cilicinis
1623 2710 1729 2770 clausis,
1741 2715 1769 2760 et

989 2808 1126 2857 bominibus
1138 2805 1252 2853 omnious
1266 2804 1290 2853 iu
1301 2802 1339 2852 uis
1354 2804 1455 2865 publicis
1466 2804 1681 2866 supplicationibus
1699 2806 1765 2855 diem

989 2908 1065 2954 totum
1087 2902 1226 2963 ugovvtibus,
1240 2902 1265 2950 et
1285 2903 1362 2949 Deum
1378 2912 1425 2949 una
1441 2901 1611 2962 communique
1626 2914 1688 2951 voce
1709 2914 1768 2951 cam

988 3004 1065 3051 mutto
1077 3000 1245 3049 invocantibus
1258 2998 1387 3047 alacritate.
1421 2997 1481 3055 Quis
1490 2998 1543 3047 bec
1553 3011 1633 3047 sumo
1649 3013 1767 3062 uniquam

987 3099 1099 3161 expedire
1128 3097 1261 3159 potuisset?
1280 3109 1336 3158 qum
1353 3094 1504 3144 admonitio?
1535 3096 1600 3158 quod
1620 3097 1768 3148 consilium?

988 3198 1077 3261 quauta
1088 3196 1202 3257 temporis
1214 3182 1356 3258 iongitudo?

1019 3306 1042 3348 κ.
1059 3300 1187 3359 Propterea
1199 3299 1250 3346 Deo
1258 3295 1344 3357 gratius
1357 3307 1467 3356 agamus,
1478 3307 1526 3343 nou
1540 3295 1640 3344 moleste
1649 3295 1768 3359 ieramus,

988 3403 1032 3439 nec
1045 3401 1180 3451 gravemur.
1213 3386 1285 3444 Quod
1296 3386 1360 3436 enim
1373 3386 1462 3434 bonum
1477 3386 1508 3433 sit
1524 3385 1603 3445 timer,
1617 3387 1689 3436 εῦειιι
1701 3388 1768 3449 prius

987 3481 1051 3530 dicta
1061 3480 1284 3529 demonstraverunt
1296 3492 1303 3524 ι
1315 3475 1370 3525 audi
1379 3489 1435 3525 vero
1443 3479 1466 3525 et
1479 3476 1629 3526 Salomonem
1639 3477 1671 3526 dc
1679 3481 1767 3528 eodem

989 3571 1211 3633 philosophantem,
1227 3568 1392 3626 Salomonem,
1405 3568 1517 3629 inquam,
1532 3567 1645 3616 omuibus
1661 3568 1767 3618 innutri-

987 3665 1039 3710 tum
1058 3660 1162 3719 deliciis,
1185 3665 1210 3707 et
1232 3658 1307 3706 multa
1332 3657 1435 3720 potitum
1455 3656 1570 3707 libertate.
1603 3659 1667 3716 Quid
1693 3660 1766 3720 igitur

986 3750 1066 3810 iuquit
1082 3750 1139 3800 tile?
1157 3749 1260 3812 (Erote.
1283 3754 1307 3799 7.
1331 3753 1345 3797 3
1362 3749 1386 3808 z)
1401 3749 1493 3799 ,urum
1505 3753 1544 3799 ert
1564 3753 1603 3799 tre
1616 3753 1643 3799 tn
1659 3750 1767 3802 domurn

989 3846 1090 3906 luctru,
1106 3858 1184 3909 quarn
1196 3849 1234 3895 tre
1245 3847 1271 3893 iu
1283 3843 1387 3894 domurn
1396 3847 1518 3893 renotuit.
1537 3843 1601 3901 Quid
1611 3849 1660 3906 est,
1671 3857 1767 3908 quase,

987 3937 1053 3997 quod
1067 3937 1116 3986 ais?
1130 3936 1170 3986 ubi
1184 3936 1279 3996 luctus,
1296 3939 1322 3985 et
1339 3937 1503 3997 1ιιστνιιιεσ,ει
1516 3938 1633 3997 gemitus,
1650 3939 1676 3985 et
1687 3935 1767 3998 dolor,

987 4035 1012 4081 et
1022 4030 1116 4080 tristitia
1131 4033 1210 4092 muta,
1225 4031 1310 4079 metius
1323 4030 1390 4078 illinc
1402 4028 1546 4089 abscedere,
1559 4042 1633 4090 quam
1647 4030 1688 4079 nbi
1700 4031 1762 4079 ciso-

987 4136 1051 4182 τετε,
1065 4127 1089 4171 ut
1111 4122 1237 4183 cymbala,
1250 4126 1274 4170 et
1297 4121 1372 4177 risus,
1388 4122 1413 4169 et
1435 4119 1541 4180 dslicim,
1559 4122 1584 4169 et
1607 4121 1721 4184 crapula,
1740 4127 1768 4171 et

987 4217 1107 4266 ebrietas?
1121 4220 1197 4275 sane,
1214 4216 1255 4265 uit.
1288 4217 1393 4275 Verum,
1416 4227 1465 4276 φιιε
1482 4214 1512 4263 de
1524 4227 1610 4274 causa,
1626 4227 1728 4276 queso,
1741 4220 1769 4265 et

919 4339 926 4358 ι
988 4311 1152 4371 quapropter?
1178 4307 1297 4365 Quoniam
1322 4307 1387 4356 illinc
1411 4306 1507 4371 quidem
1535 4305 1683 4368 petulantia,
1708 4307 1768 4355 binc

989 4413 1046 4449 vero
1077 4400 1192 4448 modestia
1213 4399 1332 4458 nescitum
1358 4402 1383 4447 et
1411 4397 1432 4447 si
1462 4399 1517 4460 quis
1541 4397 1573 4445 cd
1604 4397 1766 4459 opulentioris

167 4514 215 4582 τὴν
227 4511 328 4582 ὤχραν,
344 4513 402 4571 mv
416 4514 502 4583 ἀηδῶς
519 4512 566 4588 μὲν
581 4513 644 4590 πρὸς
657 4512 704 4584 τρι,
722 4521 833 4589 γυναῖκα
846 4515 945 4584 ‘wr-
987 4491 1058 4541 abeat
1077 4490 1234 4550 conuiuium,
1255 4503 1302 4538 nou
1323 4489 1426 4550 amptius
1446 4501 1502 4537 cum
1524 4488 1609 4538 eadem
1628 4488 1713 4537 latitia
1730 4491 1769 4539 vi·

168 4600 220 4670 (a,
233 4600 320 4672 ἀηδῶς
334 4596 419 4671 δγτῆς
433 4603 525 4660 ἑαυτοῦ
538 4600 638 4678 μάργε,
655 4600 945 4680 ,ραπγγηςγχαγγυσας
989 4585 1055 4634 debit
1075 4583 1174 4633 domurn
1197 4595 1283 4640 suam,
1310 4581 1353 4631 sed
1375 4581 1451 4631 tristis
1477 4580 1574 4643 quidem
1601 4582 1631 4630 ad
1663 4595 1767 4631 uxorem

989 4673 1090 4735 redibit,
1106 4674 1180 4724 tristis
1199 4675 1317 4722 autemst
1337 4672 1368 4721 de
1387 4684 1431 4721 sua
1448 4684 1530 4722 mensa
1554 4671 1722 4734 participabit,
1742 4676 1769 4722 st

128 4794 155 4832 ,ῃ
168 4776 242 4834 (m,
255 4781 307 4840 τοῖς
322 4774 390 4832 κατὰ
403 4777 450 4844 τρι,
469 4774 568 4847 oppia„
583 4774 636 4833 sub
655 4779 702 4846 τῆς
716 4774 810 4855 γτέρω,
826 4775 945 4855 εὐπορίας
991 4767 1107 4816 molestus
1126 4764 1202 4815 servis
1224 4768 1249 4814 et
1262 4765 1318 4814 titiis
1330 4768 1355 4813 et
1372 4764 1484 4813 omuibus
1503 4763 1548 4813 erit
1561 4763 1714 4826 domesticis,
1735 4778 1768 4814 ca

168 4860 352 4940 άκριάίστερον
376 4861 423 4933 τὴν
443 4865 536 4921 ἑαυτοῦ
561 4864 675 4922 κατιδὼν
698 4862 799 4923 πενίαν.
844 4863 898 4922 Καὶ
915 4864 944 4921 οὐ

989 4858 1091 4907 aliorum
1105 4857 1173 4920 copia
1187 4869 1254 4905 suam
1273 4855 1408 4918 diligentius
1424 4859 1588 4917 paupertatem
1601 4855 1765 4906 considerans.

167 4956 246 5009 τοῦτο
266 4951 343 5026 μόνον
366 4949 422 5011 ἐστί
442 4949 472 5009 τδ
487 4950 585 5023 δεινδν,
598 4953 658 5009 ἀλλ’
683 4950 723 5008 ὅτι
742 4952 787 5011 καί
810 4948 945 5026 βασκαίνει
988 4952 1070 5011 Mille
1083 4948 1130 4997 ¹¹⁰⁶
1143 4947 1221 4998 'solum
1237 4948 1368 5009 αθίθῐθίθι
1379 4947 1421 4998 “ld
1438 4946 1548 4996 ldflfilffl
1560 4947 1625 5010 ΨΜ
1638 4961 1702 5009 ⁵⁸²6ss
1721 4961 1766 4997 ’θ’

169 5037 295 5104 πολλάκις
310 5042 347 5119 τῷ
368 5036 510 5097 καλέσαντι
525 5039 601 5099 αὐτὸν
620 5037 682 5118 πρὸς
696 5039 743 5107 τὴν
760 5037 886 5117 εὐωχίαν·
900 5036 945 5096 καί
989 5045 1052 5094 canti
1071 5056 1098 5094 se
1120 5042 1149 5092 ad
1168 5042 1305 5092 convivium
1327 5042 1476 5104 iuvide13ct
1497 5042 1675 5104 nullopeuitus
1700 5042 1775 5120 boum

169 5127 234 5196 tior
247 5125 318 5192 οὐδίν
334 5128 431 5210 ἀγαθὸν
447 5125 538 5192 λαθὼν
553 5126 641 5186 οίκαθε
665 5126 795 5198 insultu.
839 5124 903 5185 Ἐπὶ
917 5124 943 5184 δί

989 5144 1073 5191 suctus
1094 5140 1194 5191 domum
1220 5139 1355 5191 revertitur.
1396 5140 1465 5190 circa
1497 5138 1603 5200 lugentes
1628 5151 1684 5190 vero
1704 5138 1769 5193 nibli
