3892 5867
172 425 229 475 500

171 545 275 604 ύποίτων
299 540 429 617 λέγοντες,
453 540 466 594 θ
485 537 555 593 δεῖνα
570 532 596 600 ἐξ
609 531 744 610 θπαίρχων·
759 520 830 593 οῦτος
847 526 874 585 δὲ
888 525 945 583 ἀντί

171 634 276 691 πάντων
290 629 398 696 τούτοιν,
413 653 424 675 ιι
445 624 548 687 Παῦλος
561 620 666 695 δέσμιος
681 646 705 689 ν,
724 617 802 696 φησί·
817 614 861 671 καί
876 613 945 690 μάλα

173 719 288 782 εἰκότως.
331 714 446 773 Ἐκεῖνοι
461 708 507 785 μὲν
533 707 582 785 γδιρ
598 709 624 764 ai
639 704 719 784 ἀρχαί
738 706 766 762 ού
781 703 885 766 πόντιος
899 699 949 758 εἰσί

158 812 219 877 ιτῆς
233 806 301 862 κατδι
315 798 402 882 ψυχὴν
424 801 517 876 ἀρετῆς
534 793 675 859 ἀπόδειξις·
690 789 834 870 χρημάτων
848 787 899 865 γοίρ
913 790 950 846 εἰ·

148 910 162 947 1
176 915 215 950 σιν
229 889 340 959 ύινηταί,
354 887 398 943 καί
424 885 503 962 φίλων
525 879 660 944 κολακείας
681 878 796 935 δέονται·
811 874 876 945 αύτη
892 874 949 943 δίη

175 976 244 1055 ἀρχὴ
259 980 275 1044 ἡ
291 973 342 1031 ἀπὸ
358 975 408 1029 τῶν
423 972 524 1043 δεσμῶν
540 971 586 1036 τῆς
606 965 674 1025 κατὰ
693 961 779 1042 ψυχὴν
803 959 951 1041 φιλοσοφίας

176 1065 244 1121 ἐστίν
257 1062 378 1135 ἔνδειγμα
392 1057 492 1114 καὶτοῦ
506 1054 567 1133 περί
579 1053 621 1111 τόν
633 1050 745 1129 Χριστὸν
757 1049 837 1106 πόθου
851 1071 951 1121 τεκμη-

178 1174 230 1229 ριον
247 1150 377 1225 μέγιότον·
391 1149 512 1202 κάκεῖναι
526 1140 572 1217 μίν
586 1141 743 1210 ἀποπηδῶσι
756 1136 872 1215 ταχέως,
886 1132 951 1204 αύτη

178 1240 205 1298 δὲ
222 1241 268 1296 ούκ
286 1233 397 1313 ἔχειτὸν
411 1228 616 1304 διαδείόμενονὴ
632 1225 713 1305 ἀρχή.
755 1224 822 1282 Ἰδού
844 1226 905 1299 γοῦν
927 1218 953 1286 ἐξ

675 400 726 459 nn
748 397 928 458 neptunu
956 355 1240 453 nnniocnnuunr

1638 359 1702 458 ion
1718 383 1767 458 ιω

994 524 1073 573 ierunt
1089 542 1095 570 ι
1109 522 1153 571 iiie
1165 518 1291 578 exconsul,
1304 515 1400 575 dicitur,
1413 514 1452 564 iiie
1471 512 1645 575 εκρταίεείιιος
1659 512 1698 561 bic
1712 526 1770 562 uero

994 637 1036 685 pro
1049 622 1078 670 iis
1091 618 1218 678 omnibus,
1239 616 1340 666 Paulus
1363 617 1480 670 οἰκεῖαι,
1494 611 1585 672 inquit,
1601 611 1625 659 et
1638 609 1771 658 admodum

993 725 1157 782 congruenter.
1190 717 1226 767 ilii
1243 727 1345 776 namque
1365 713 1517 773 magistratus
1534 723 1582 758 non
1601 710 1696 771 penitus
1715 709 1772 757 sunt

994 821 1066 869 antimi
1081 817 1173 866 uirtutis
1187 814 1358 863 demonstratio
1371 831 1377 860 :
1393 810 1498 872 pecuniis
1508 808 1573 859 enim
1590 813 1646 857 snut
1664 807 1772 867 vendes,

995 922 1020 968 et
1034 920 1163 968 amicorum
1177 915 1282 976 indigent
1298 911 1512 970 assentationibus3
1527 910 1566 958 bic
1577 914 1656 957 autum
1668 921 1700 957 ex
1719 908 1773 955 iin-

926 1046 933 1068 τ
997 1019 1057 1068 cutis
1070 1018 1219 1079 magistratus
1228 1018 1264 1063 est
1275 1015 1347 1062 animi
1359 1013 1488 1074 disciptinae
1500 1010 1659 1070 indicium,et
1668 1009 1774 1059 ardentis

997 1113 1022 1159 in
1034 1112 1155 1161 Gbristnm
1168 1109 1276 1159 desiderii
1297 1109 1391 1169 signum
1412 1106 1554 1155 maximum.
1586 1109 1616 1155 iit
1627 1106 1660 1154 iiii
1673 1105 1772 1166 quidem
1846 1149 1849 1154 ι

1000 1211 1064 1259 bruni
1081 1210 1213 1270 refugiunt,
1226 1208 1265 1255 bic
1281 1218 1337 1255 vero
1355 1205 1506 1265 magistratus
1524 1203 1616 1251 nulium
1632 1201 1704 1250 babet
1717 1214 1773 1250 suc·

132 1324 166 1384 ¹tu
179 1326 275 1384 ἐκείνου
289 1320 419 1398 μέχρινῦν
430 1317 508 1381 πόσος
521 1314 652 1391 διαγέγονε
664 1312 767 1391 χρόνος,
779 1310 824 1369 καὶ
835 1307 953 1385 λαμπρά.
998 1321 1123 1356 cruorem.
1155 1307 1238 1367 Aspice
1259 1318 1362 1366 namque
1378 1305 1495 1366 quantum
1511 1301 1541 1350 ab
1560 1302 1601 1349 iiio
1617 1315 1681 1349 nrrnc
1697 1313 1777 1364 usque

178 1434 251 1489 espen
266 1407 295 1466 ιδ
308 1408 389 1482 ὄνομα
401 1410 445 1462 τοῦ
461 1401 566 1475 δεσμίου
579 1400 667 1478 γέγονε
679 1397 786 1454 τούτου·
802 1394 846 1453 καί
860 1393 954 1451 intutu
998 1403 1111 1465 temporis
1121 1404 1172 1463 est,
1186 1406 1210 1451 at
1221 1400 1367 1463 splendidius
1378 1399 1450 1459 inuios
1465 1398 1537 1447 rineti
1552 1409 1639 1445 nomen
1657 1396 1777 1446 redditum

180 1499 226 1573 μὲν
236 1495 366 1564 &mitiis
379 1490 434 1549 ὅσοι
446 1489 580 1564 Υῑίόνασῑν
590 1487 617 1542 ἐν
628 1495 682 1549 τοῖς
692 1483 834 1560 ἔμπροσθεν
844 1479 954 1557 'didimi’
999 1509 1035 1554 ast
1052 1523 1058 1553 ι
1071 1516 1100 1552 ao
1112 1502 1220 1552 consutas
1235 1500 1331 1561 quidem
1345 1511 1442 1558 omnes,
1454 1501 1601 1560 quicumque
1613 1497 1778 1558 superioribus

180 1585 330 1662 σεσίγηνται
344 1578 388 1637 καί
402 1577 459 1636 οῦδὲ
475 1580 503 1633 ἐκ
516 1571 688 1650 προσηγορίας
703 1570 751 1628 εἰσί
764 1567 890 1648 γνώριμοι
904 1575 955 1632 τοῖς

165 1732 168 1738 ,
181 1676 299 1738 πολλοῖς·
315 1670 344 1727 τὸ
359 1667 386 1726 δὲ
399 1671 444 1724 τοῦ
461 1649 570 1740 ’δεσμίου
584 1660 674 1721 τούτου
694 1660 792 1735 ὄνομα,
806 1662 852 1714 τοῦ
868 1678 955 1732 μακα-

143 1781 169 1819 it
185 1761 238 1840 ρίου
254 1759 372 1826 Παύλου,
387 1751 454 1813 πολύ
470 1750 515 1829 μὲν
529 1753 655 1824 ἐνταῦθα,
671 1747 737 1805 πολὺ
759 1744 785 1804 δί
801 1750 825 1804 ἐν
840 1749 872 1823 τῇ
889 1748 956 1821 βαρ-

183 1849 270 1924 ύάρων
295 1842 389 1923 χύτρα,
405 1838 471 1898 πολὺ
486 1835 558 1917 παρὰ
582 1834 694 1898 Σκύθαις
712 1831 756 1891 καί
781 1831 886 1902 Ἰνδοῖς,
909 1831 956 1887 κᾶν

182 1936 246 2014 πρὸς
267 1930 333 1989 αύτθι
347 1934 392 1999 τῆς
406 1924 557 2000 οἰκουμένης
570 1921 644 2000 ἔλθῃς
655 1920 688 1978 ’.δι
699 1919 820 1998 πέρατα,
841 1916 956 1998 [ταύτης]

184 2021 282 2094 ἀκούσῃ
294 2023 341 2089 τῆς
355 2012 542 2095 προσηγορίας,
551 2012 595 2069 καί
607 2009 721 2086 ὅπουπερ
732 2008 762 2066 dn
774 2029 812 2071 τις
824 2004 958 2083 ἀφίκηται,

172 2109 290 2167 “Παῦλον
313 2106 447 2181 πανταχοῦ
477 2101 503 2157 ἐν
525 2105 577 2163 τοῖς
605 2096 726 2154 ἁπάντων
752 2092 864 2167 στόμασι
885 2111 960 2167 περι-

145 2224 172 2262 20
186 2197 323 2274 φερόμενον
337 2190 442 2248 εἴσεται.
487 2184 538 2245 Καί
553 2185 578 2241 τί
600 2180 748 2257 θαυμαστὸν
770 2182 793 2237 εἰ
816 2180 842 2235 ἕν
862 2181 896 2255 γῇ
915 2174 959 2233 καί

186 2283 319 2358 θαλάττῃ,
344 2276 408 2336 ὅπου
429 2297 459 2352 γε
490 2272 534 2329 καί
556 2272 582 2329 έν
609 2269 662 2334 τοῖς
686 2272 801 2345 οὺρανοῖς
830 2263 897 2322 πολύ
930 2261 960 2318 τδ

186 2371 268 2446 ὄνομα
287 2366 393 2427 Παύλου
407 2360 480 2441 παρὰ
495 2367 548 2423 τοῖς
561 2356 693 2434 ἀγγέλοις,
709 2352 782 2430 παρίι
793 2359 845 2418 τοῖς
859 2353 960 2437 ἀρχαγ-

187 2455 271 2532 γέλοις
284 2452 328 2511 καί
347 2458 403 2517 ταῖς
421 2449 475 2507 dnn
491 2442 616 2521 δυνύμεσι
630 2441 675 2500 καί
689 2445 727 2520 τῷ
745 2436 842 2497 τούτων
859 2438 962 2515 βασιλεῖ

188 2545 265 2622 Θεῷ,

148 2653 174 2691 ετ
229 2627 282 2687 Καὶ
300 2623 406 2684 ποταπδι
426 2615 458 2693 ἦν
481 2622 581 2690 iscius,
596 2615 675 2696 φησί,
694 2612 727 2671 τδι
746 2612 845 2687 δεσμθ,
859 2608 898 2668 ὅτι
918 2632 962 2667 το·

188 2716 286 2787 σαύτην
297 2713 391 2790 ἤνεγκε
400 2713 437 2790 τῷ
448 2707 575 2786 δεδεμένην
586 2704 632 2774 τὴν
643 2700 783 2772 δόξανςούκ
795 2698 846 2755 οἰπδ
857 2693 961 2771 σιδήρου

188 2802 395 2870 κατεσκεύαστος
410 2796 472 2856 'nini
486 2794 592 2869 σιδήρου
616 2789 662 2865 μὲν
676 2784 879 2855 κατεσκεύαστο,
896 2780 964 2839 diti

187 2889 287 2959 πολλὴν
300 2879 368 2964 εἶχεν
390 2888 549 2944 ἐπανθοῦσαν
564 2884 608 2936 τοῦ
628 2874 780 2950 Πνεύματος
801 2871 849 2943 τὴν
873 2869 962 2948 χάριν,

191 2974 280 3045 ἐπειδὴ
300 2973 343 3031 διδ
366 2973 409 3031 τὸν
433 2970 545 3050 Χριστόν
569 2963 635 3024 αύτδι
660 2961 813 3037 περιέκειτο.
859 2957 899 3014 Ὢ
919 2960 963 3012 τοῦ

150 3085 177 3124 au
191 3061 332 3134 θαύματος·
347 3061 370 3116 oi
385 3059 469 3115 δοῦλοι
482 3053 640 3124 ἐδέθησαν,θ
654 3046 786 3116 Δεσπότης
802 3039 963 3118 ἐσταυρώθη,

191 3147 236 3205 καί
258 3146 288 3203 τὸ
311 3145 433 3222 κηρυγμα
453 3143 509 3199 καθ’
528 3137 639 3206 ἑκοίστην
663 3132 767 3200 αύξεται
788 3130 834 3199 τὴν
856 3126 966 3207 ἡμέραν,

192 3231 293 3292 καίδιθι
307 3230 479 3308 πραγμάτων,
498 3225 530 3284 δι’
542 3216 577 3282 ὧν
596 3221 725 3298 ἐνομίζετο
746 3219 904 3293 κωλύεσθαι,
925 3212 967 3270 διὰ

191 3319 290 3376 τούτων
309 3317 423 3395 ἀνήφθη·
438 3315 482 3372 καί
497 3311 622 3391 σταυρὸς,
636 3309 681 3366 καί
699 3304 798 3380 δεσμδι,
809 3302 875 3380 ἅπερ
886 3301 967 3360 ἐδόκει

195 3403 322 3484 βδελυκτδι
339 3396 420 3476 εἰναι,
439 3408 520 3460 ταῦτα
536 3405 579 3457 νῦν
594 3393 723 3472 σωτηρίας
735 3390 855 3466 σύμύσλα
866 3388 966 3465 γέγονε,

154 3514 180 3552 ³5
194 3494 240 3554 καί
254 3491 348 3557 παντὸς
361 3489 469 3570 χρυσίου
485 3487 514 3545 τὸ
537 3486 650 3566 σιδήριον
666 3485 747 3540 ἐκεῖνο
761 3477 910 3555 τιμιώτερον
923 3466 966 3549 ἦν,

194 3586 223 3640 ού
241 3579 314 3659 παρὰ
334 3576 381 3654 τὴν
405 3574 501 3634 οἰκείαν
526 3573 612 3653 φύσιν,
629 3567 696 3628 sitit
718 3566 790 3644 παρὰ
813 3564 860 3633 τὴν
883 3561 968 3620 αἰτίαν

195 3666 276 3737 αὐτὴν
299 3665 345 3724 καί
365 3662 411 3731 τὴν
436 3660 566 3720 ὑπόθεσιν.
609 3655 676 3715 Ἀλλ’
690 3657 741 3731 ὁρῶ
759 3675 784 3709 τι
797 3652 842 3710 καί
865 3650 969 3727 ζήτημα

195 3758 311 3813 ἐντεῦθεν
332 3749 480 3825 τικτόμενον
503 3751 576 3823 ἡμῖν·
591 3742 639 3804 κᾶν
655 3739 800 3822 προσέχητε
815 3738 882 3814 μετδι
897 3740 969 3815 οἰκρι·

196 3840 282 3911 θείας,
298 3838 343 3898 καί
361 3836 391 3896 τδ
408 3832 562 3908 ζητούμενον
585 3832 652 3910 ἐρῶ,
667 3827 711 3887 καί
734 3825 781 3896 τὴν
796 3824 870 3884 λύσιν
888 3846 971 3901 προσ·

158 3949 185 3988 ιο
198 3927 281 3997 θήσω.

237 4011 272 4072 Τί
287 4009 343 4069 ποτ’
360 3998 403 4068 οῦν
419 4008 474 4065 ἐστι
487 4004 517 4064 τθ
536 4000 706 4080 ζητούμενονς
726 3995 856 4057 Εἰσελθὼν
876 3986 973 4060 οῦτοςθ

199 4100 303 4166 Παῦλός
317 4121 380 4156 ποτε
395 4095 457 4176 πρὸς
469 4097 512 4152 τὸν
526 4094 643 4161 Φῆστον,
654 4086 698 4146 καί
713 4083 892 4160 διαλεγόμενος
903 4083 973 4157 αύτῷ

198 4187 242 4247 καί
257 4183 461 4262 ἀπολογούμενος
474 4179 595 4259 περὶτῶν
608 4172 777 4252 ἐγκλημάτων
793 4162 828 4228 ὧν
843 4167 974 4244 ἐπήγαγον

200 4276 223 4330 οἰ
248 4272 385 4341 Ἰουδαῖοι,
401 4267 445 4327 καί
467 4265 550 4341 λέγων
573 4267 628 4328 πῶς
651 4252 701 4319 ε’ίδε
725 4258 769 4316 τδν
790 4257 905 4329 Ἰησοῦν,
920 4257 975 4318 πῶς

158 4379 187 4419 to
200 4358 295 4433 ἤκουσε
314 4361 360 4424 τῆς
379 4353 509 4431 μακαρίας
533 4349 630 4420 ἰκείνης
643 4350 741 4427 φωνῆς,
756 4346 810 4409 πῶς
826 4341 868 4399 διδ
882 4338 975 4418 πηρώ-

203 4468 267 4509 σεως
284 4442 410 4521 οἰνέύλεψε
422 4486 429 4512 ,
442 4445 498 4506 πῶς
513 4437 589 4496 ἔπεσε
602 4435 646 4495 καί
666 4431 775 4501 ἀνέστη,
790 4431 844 4494 πῶς
860 4428 976 4495 εἰσῆλθεν

202 4533 370 4610 αἰχμάλωτος
387 4531 422 4595 εἰς
445 4523 590 4604 Δαμασκὸν
604 4522 686 4603 χωρίς
704 4521 806 4594 δεσμῶν
828 4511 976 4590 δεδεμένος,

202 4621 246 4679 καί
261 4618 320 4694 περί
334 4617 474 4695 προφητῶν
490 4615 534 4672 καί
555 4612 633 4687 νόμου
656 4605 814 4684 διαλεχθείς,
833 4600 877 4660 καί
897 4598 979 4666 δείξας

203 4699 242 4757 ότι
263 4699 378 4755 κάκεῖνοι
392 4697 515 4772 προεῖπον
529 4697 611 4748 ταῦτα
624 4687 743 4755 ἅπαντα,
760 4674 811 4741 εἷλε
835 4680 878 4738 τθν
904 4678 978 4735 δοιοί-

163 4813 191 4853 nn
202 4791 292 4857 ζοντα,
314 4783 359 4841 καί
385 4779 476 4859 σχεδόν
497 4778 584 4836 ἔπεισε
604 4774 667 4855 πρθς
691 4770 781 4831 ἑαυτὸν
805 4770 977 4843 μεταστῆναι.

203 4876 332 4934 Τοιαῦται
343 4869 393 4948 γδρ
406 4871 456 4926 τῶν
468 4864 548 4942 ἁγίων
559 4866 586 4922 αί
595 4859 692 4942 ψυχαί·
703 4856 806 4916 inentis
819 4857 854 4918 εἰς
864 4851 979 4910 κίνδυνον

203 4959 364 5036 ἐμπέσωσιν,
378 4958 427 5033 ούχ
437 4955 506 5019 ὅπως
519 4951 692 5024 δπαλλαγιῦσι
708 4949 759 5004 τῶν
776 4940 899 5002 κινδύνων
913 4962 980 4997 σκο-

204 5053 305 5122 ποῦσιν,
318 5049 376 5106 ἀλλ’
387 5046 455 5110 ὅπως
469 5042 526 5105 τοὺς
538 5036 699 5114 ἐμόαλόντας
709 5032 868 5110 θηρεύσαιεν,
877 5027 979 5084 ἅπαντα

205 5135 361 5214 πράττουσι·
383 5133 500 5213 καθάπερ
515 5119 558 5190 οῦν
581 5124 623 5184 καί
645 5122 703 5182 τότε
726 5119 839 5198 ἐγένετο·
864 5115 980 5185 εἰσῆλθεν
1002 5157 1007 5167 .

1003 1604 1069 1652 tuere
1086 1599 1246 1661 temporibus,
1258 1599 1352 1647 sitentio
1362 1597 1440 1647 traditi
1449 1602 1518 1659 sunt,
1529 1599 1554 1646 et
1563 1609 1607 1646 uec
1615 1598 1667 1658 ipso
1679 1597 1777 1659 quidem

1003 1701 1099 1750 nomine
1112 1700 1183 1760 uulgo
1194 1700 1250 1747 sunt
1261 1698 1363 1758 cogniti,
1377 1697 1448 1758 liujus
1461 1698 1542 1746 autem
1553 1697 1627 1745 vincti
1637 1696 1699 1745 beati
1711 1698 1778 1746 Parrii

1003 1811 1090 1848 nemen
1100 1797 1204 1846 muitum
1214 1794 1310 1858 quidem
1320 1795 1373 1855 intc,
1383 1794 1488 1843 muitum
1500 1798 1579 1842 autem
1589 1794 1778 1844 inbarbarorum

1005 1901 1114 1961 regione,
1127 1899 1231 1947 muttum
1251 1897 1313 1957 apud
1335 1896 1435 1956 Scythas
1456 1895 1480 1943 et
1496 1893 1583 1954 indos,
1599 1896 1623 1943 et
1636 1895 1655 1943 si
1670 1894 1700 1942 ad
1714 1896 1780 1955 ipses

1004 2006 1119 2050 terrarum
1130 1997 1195 2047 orbis
1206 1997 1320 2046 terminos
1330 1995 1418 2054 nenias,
1427 1994 1487 2042 inanc
1496 1994 1578 2042 audies
1587 1994 1780 2057 appeliationem,

1004 2105 1028 2150 ct
1048 2113 1200 2163 quocumque
1222 2098 1340 2160 quispiam
1365 2097 1513 2159 potreoerit,
1529 2095 1629 2145 Paulum
1652 2096 1743 2158 ubique
1756 2099 1780 2146 iu

1004 2198 1112 2248 omnium
1136 2211 1178 2246 ure
1199 2196 1345 2246 demutent
1367 2198 1457 2244 nusoet.
1490 2197 1521 2243 Et
1538 2193 1595 2255 quid
1612 2195 1735 2243 mimmsi
1757 2197 1782 2244 in

1004 2300 1068 2347 terra
1081 2298 1197 2358 marique,
1205 2297 1292 2358 quippe
1301 2308 1357 2344 cum
1364 2300 1389 2343 et
1395 2293 1418 2342 in
1430 2293 1496 2341 cretis
1507 2292 1608 2341 muttum
1616 2293 1683 2342 Pauti
1695 2306 1784 2342 nornen

1005 2396 1067 2460 apud
1081 2395 1191 2458 angelos,
1203 2394 1265 2458 apud
1281 2393 1449 2454 archangelos,
1462 2397 1486 2442 et
1498 2405 1613 2454 supernas
1628 2394 1746 2453 uirtutes,
1759 2393 1785 2443 et

1006 2499 1091 2547 inarum
1107 2510 1185 2558 regem
1198 2498 1293 2545 Deum?

1037 2618 1067 2664 Et
1077 2614 1167 2675 qualia,
1187 2614 1277 2675 inquit,
1292 2614 1361 2662 erant
1374 2611 1536 2672 itianincuia,
1550 2612 1664 2673 quoniam
1687 2614 1785 2660 tantuna

1008 2713 1089 2761 vineto
1107 2711 1188 2773 gioritn
1203 2711 1326 2760 tutemnt?
1343 2724 1445 2761 nonnos
1464 2712 1526 2760 terro
1541 2710 1653 2760 fabricata
1666 2713 1753 2760 erant?
1769 2715 1787 2760 Β

1010 2813 1070 2862 terro
1091 2812 1187 2874 quidem
1210 2810 1521 2870 iabricata,scdn1uitann
1545 2809 1663 2857 babebaut
1683 2809 1788 2870 Spiritus

1009 2909 1108 2970 gratiam
1128 2909 1315 2958 ettiurescentem
1328 2922 1334 2954 :
1346 2908 1460 2968 quoniam
1481 2911 1575 2967 propter
1590 2906 1712 2955 christum
1729 2907 1789 2966 ipsis

1011 3007 1172 3056 circumdatus
1195 3006 1279 3054 inerat.
1312 3008 1334 3055 0
1355 3004 1515 3052 miracuiunri
1536 2976 1694 3051 serri'viocti
1713 3006 1789 3062 sunt,

1012 3105 1128 3154 Dominus
1140 3103 1283 3162 erricifixus,
1295 3105 1319 3152 et
1331 3101 1468 3164 pradicatio
1481 3101 1588 3163 quotidie
1601 3101 1702 3162 ucesiu
1712 3107 1736 3149 et
1749 3115 1791 3162 per

1011 3217 1067 3266 quaa
1081 3202 1208 3263 putabatur
1218 3212 1289 3262 opera
1309 3198 1444 3260 prohiberi,
1461 3211 1502 3260 per
1515 3198 1566 3247 irasc
1577 3211 1679 3248 aceensa
1695 3203 1733 3248 est
1745 3219 1752 3248 :
1765 3201 1792 3248 et

1012 3314 1086 3363 crux,
1100 3306 1125 3350 at
1136 3300 1245 3361 rincuta,
1258 3312 1312 3361 quae
1324 3312 1376 3348 esse
1389 3297 1530 3346 uidebantur
1541 3296 1712 3354 abominanda,
1724 3310 1792 3345 ninus

1013 3401 1096 3450 satutis
1116 3401 1183 3460 signa
1203 3401 1259 3448 sunt
1279 3397 1353 3457 iacta,
1375 3399 1399 3446 et
1412 3396 1517 3459 quotibet
1538 3408 1596 3443 auro
1619 3395 1710 3444 terrum
1730 3393 1791 3442 iilud

1014 3503 1081 3552 nobis
1096 3501 1221 3563 pretiosius
1232 3504 1297 3558 erat,
1311 3511 1357 3546 non
1370 3501 1465 3558 propter
1477 3497 1585 3544 naturam
1599 3492 1735 3554 propriam,
1748 3491 1792 3541 sad

1016 3606 1110 3664 propter
1122 3613 1220 3649 causam
1234 3599 1310 3660 ipsam
1322 3602 1347 3646 et
1359 3599 1534 3657 argumentum.
1567 3594 1613 3643 sed
1633 3592 1703 3641 rideo
1723 3604 1792 3653 quas·

1016 3702 1116 3750 ationem
1141 3699 1196 3747 binc
1213 3697 1282 3745 nobis
1300 3694 1429 3757 quamdam
1450 3694 1566 3741 orientem
1578 3706 1584 3738 :
1595 3693 1619 3739 et
1630 3690 1649 3739 si
1668 3689 1795 3750 diiigenter

1016 3796 1158 3856 attendatis,
1178 3799 1204 3845 ct
1228 3791 1385 3855 quaestionem
1405 3788 1496 3849 dicam,
1509 3790 1535 3837 et
1551 3786 1695 3835 solutionem
1718 3797 1794 3847 appo-

1017 3910 1082 3946 nam.

1050 3991 1114 4051 Quid
1128 3989 1245 4053 igiturest
1261 3985 1323 4049 quod
1336 3985 1467 4047 quaritur?
1478 3984 1599 4042 ingressus
1609 3977 1739 4041 atiquaudo
1756 3978 1796 4027 bic

1021 4095 1107 4144 Paulus
1121 4091 1150 4140 ad
1166 4094 1278 4149 Festum,
1292 4092 1316 4136 et
1330 4087 1406 4147 ipsum
1421 4085 1556 4144 altoquens,
1569 4093 1596 4129 ac
1610 4092 1715 4143 purgans
1727 4092 1754 4127 se
1764 4077 1797 4128 dc

1020 4199 1170 4257 criminibus,
1182 4197 1269 4259 quibus
1280 4193 1406 4254 urgebatur
1418 4188 1545 4246 nunonis,
1555 4184 1797 4245 etdicensqnomodn

1020 4308 1104 4354 iesum
1117 4300 1190 4359 sidit,
1207 4297 1328 4360 quomodo
1339 4295 1433 4344 beatam
1444 4303 1529 4340 rocem
1542 4287 1606 4338 ittam
1618 4288 1727 4348 audiuit,
1738 4300 1798 4349 qno

1022 4406 1092 4456 modo
1107 4418 1148 4466 per
1159 4401 1342 4452 excasationem
1355 4397 1384 4447 ad
1400 4397 1477 4445 iucem
1489 4393 1608 4455 parvenit,
1621 4389 1744 4453 quomodo
1757 4403 1797 4437 re-

1022 4509 1079 4558 cidit
1086 4510 1110 4557 εἰ
1117 4504 1229 4564 surrexit,
1239 4499 1359 4565 ηυοιιιοθο
1366 4497 1529 4558 ingressusest
1537 4496 1680 4542 Damascum
1691 4489 1800 4552 captivus

1023 4617 1113 4676 absque
1127 4610 1227 4660 vinantis
1246 4605 1408 4668 compeditus,
1419 4615 1448 4652 ac
1465 4602 1495 4650 de
1517 4598 1638 4662 propinetis
1656 4597 1737 4656 deque
1751 4596 1800 4657 tego

1023 4718 1138 4779 loquens,
1153 4719 1177 4763 et
1191 4710 1318 4762 ostendens
1338 4707 1391 4757 ilius
1407 4706 1460 4754 inaec
1473 4702 1552 4753 omnia
1574 4700 1726 4763 praedixisse,
1739 4697 1800 4760 jndi-

1025 4825 1118 4871 cnntem
1130 4818 1207 4881 cepit,
1219 4817 1244 4865 et
1256 4815 1304 4864 tere
1316 4813 1384 4866 adse
1396 4811 1473 4872 ipsum
1483 4807 1584 4857 transire
1593 4803 1721 4866 personis
1733 4802 1802 4852 ‘raia

1025 4930 1088 4980 enim
1102 4932 1238 4976 sanctorum
1251 4925 1308 4970 siunt
1320 4917 1404 4968 animm
1415 4935 1422 4964 ι
1433 4927 1487 4963 cum
1499 4913 1523 4961 in
1535 4909 1639 4974 pericula
1657 4906 1801 4962 ceciderint,

1029 5041 1076 5077 non
1096 5024 1216 5089 quomodo
1239 5020 1348 5084 periculis
1367 5018 1505 5075 liberentur,
1519 5011 1681 5069 considerant,
1696 5007 1736 5057 sed
1756 5018 1802 5067 quo

1027 5129 1194 5190 punseqnentes
1205 5118 1421 5180 tuerentur,omnia
1429 5115 1533 5166 iaciunt:
1543 5112 1605 5162 sicut
1613 5110 1638 5157 ct
1647 5111 1704 5156 tunc
1715 5106 1802 5154 tatium
