3892 5867
132 407 268 488 νυνι.)

133 544 183 610 τῆς
195 538 264 616 perd
275 536 321 609 τὴν
335 559 456 617 χηρειαυ.
497 537 606 607 Ταύτην
622 535 669 612 μὲν
691 536 742 617 γθιρ
760 535 808 595 κᾶν
828 540 863 602 ὡς
876 563 923 615 γο-

132 630 215 684 ναῖκα
234 624 347 703 στίργη,
360 626 419 682 ἀλλ’
439 624 489 702 οὐχ
502 626 538 688 ὡς
560 621 687 700 παρθένον
711 623 818 682 λαθών·
841 624 880 682 ὅτι
896 625 922 683 δὲ

131 716 227 794 πολλῷ
240 715 334 771 ἰκτῖνοι
347 710 446 769 τούτων
459 714 482 768 οἰ
504 710 596 790 ἔρωτες
608 711 774 791 σφοδρότεροι
789 714 833 769 καὶ
847 736 924 789 μανι·

131 799 262 876 καίτεροι,
277 800 358 855 παντί
381 821 432 855 που
450 796 529 867 δῆλόν
545 798 629 855 ε’στιν·
650 797 752 867 ἐκείνην
768 797 794 856 δὲ
815 796 861 856 ἅτε
885 798 922 875 μὴ

104 887 234 954 επαντδς
248 884 342 963 ἀνδρὸς
359 884 465 962 ἄπειρον
480 887 509 940 ού
525 883 605 942 παντί
622 887 697 964 θυμῷ
708 884 754 942 καί
775 886 924 943 ἀσπάσεται

131 976 178 1032 καὶ
192 974 308 1055 φιλήσει.
354 972 514 1051 Ιίεφύκαμεν
528 973 580 1051 γὰρ
595 975 630 1037 ὡς
644 972 726 1029 εἰπεῖν
742 970 855 1038 ἅπαντες
875 973 921 1030 ἄν·

133 1068 255 1140 θρωποι,
269 1060 320 1119 εἴτε
333 1059 384 1117 ὑπὸ
396 1059 567 1131 ζηλοτυπίας,
577 1057 628 1116 εἴτε
641 1059 691 1116 ὑπὸ
704 1057 862 1132 κενοδοξίας,
873 1059 924 1117 εἴτε

132 1141 239 1209 οὐκοῖδ’
249 1149 306 1207 ὅθεν
318 1147 441 1226 ἑτέρωθεν
450 1191 458 1222 ,
467 1149 518 1203 τῶν
529 1147 693 1224 πραγμάτοιν
707 1147 793 1204 ἐκεῖνα
807 1147 924 1222 μάλιστα

133 1240 223 1318 φιλεῖν
235 1229 273 1295 ῶν
287 1235 333 1294 καὶ
343 1233 389 1305 τὴν
403 1233 519 1300 ἐξουσίαν
536 1234 582 1291 καί
596 1232 644 1305 τὴν
661 1235 808 1292 ἀπόλαυσιν
826 1236 855 1291 ού
868 1233 924 1308 μεθ’

94 1342 117 1379 ιο
132 1326 241 1405 ἑτέρους
256 1325 367 1405 ἔχομεν,
390 1321 449 1380 ἀλλ’
465 1321 541 1381 αότοί
564 1326 663 1400 πρῶτοι
686 1322 731 1381 καὶ
749 1322 823 1398 μόνοι
848 1326 924 1380 >crde-

130 1415 274 1490 στηκαμεν
288 1414 384 1491 κύριοι.
428 1414 513 1470 Τοῦτο
528 1409 573 1468 καί
585 1411 627 1468 ἐπὶ
645 1411 757 1487 ἱματίων
768 1410 818 1468 ίδοι
834 1433 872 1476 τις
892 1409 924 1466 διν

130 1501 285 1579 αυμὸαῖνον
298 1506 377 1576 ἡμῖν·
390 1498 419 1555 ού
442 1498 492 1577 γὰρ
514 1497 611 1574 ὁμοίως
634 1499 787 1571 διακείμεθα
805 1498 869 1576 πρὸς
891 1498 925 1557 τὰ

129 1593 195 1671 παρ’
213 1590 310 1669 ἐτέρων
325 1585 476 1666 χρησθέντα
490 1586 535 1644 καὶ
553 1584 587 1644 rt
607 1585 671 1665 παρ’
684 1587 796 1652 οὐδενός.
838 1588 925 1645 Τοῦτο

134 1681 180 1738 καὶ
198 1679 245 1738 ἐπὶ
258 1677 341 1742 οἰκίας
357 1675 403 1733 καὶ
418 1673 462 1731 ε’πί
477 1674 647 1732 σκευῶν·καί
660 1673 711 1753 γὰρ
727 1672 772 1732 καί
782 1674 866 1733 οἰκίαν
878 1672 924 1743 τὴν

95 1789 118 1826 ιε
131 1767 197 1847 παρ’
214 1766 305 1844 ἑτέρου
325 1764 442 1821 δοθεῖσαν
459 1761 523 1838 ἡμῖν
540 1762 591 1840 οὐχ
605 1761 702 1837 ὁμοίως
727 1761 813 1841 ἐκείνη
832 1764 924 1842 φιλοῦ-

133 1878 199 1931 μεν,
215 1854 249 1924 ἢν
274 1851 348 1910 αὐτοὶ
376 1849 622 1926 κατεσκευάσαμεψ
641 1851 754 1907 καὶτῶν
774 1854 874 1907 σκευῶν
892 1847 926 1906 τίι

133 1943 182 2019 μὲν
200 1942 263 2021 ἄρτι
276 1938 403 2018 γενόμενα
422 1937 468 1994 καὶ
483 1936 590 2017 πρώτην
606 1934 652 2007 τὴν
672 1936 736 2016 παρ’
756 1941 820 2013 ἡμῖν
834 1937 925 2016 χρείαν

130 2029 267 2104 δεξάμενα
280 2028 307 2084 ἐν
319 2027 406 2104 πολλῇ
421 2027 454 2102 τῇ
469 2026 552 2103 φειδοῖ
567 2025 733 2104 φυλάττομεν
751 2023 797 2081 καὶ
810 2025 925 2102 σπουδῇ,

132 2117 166 2174 τὰ
179 2116 248 2184 δὲέξ
261 2114 355 2193 ἑτέρων
363 2113 470 2171 ἐλθόντα
481 2115 516 2180 εἰς
527 2116 598 2187 ἡμᾶς
606 2111 635 2168 ού
649 2111 747 2190 σφόδρα
756 2112 926 2192 προσιέμεθα,

92 2223 117 2261 ασ
132 2206 195 2264 ἀλλ’
213 2206 296 2270 οὔτως
309 2201 540 2282 ἀποστρεφόμεθα,
552 2203 587 2267 ὡς
601 2199 647 2257 καί
669 2199 849 2258 ἀνασκευάσαι
861 2203 926 2259 πολ-

129 2293 211 2355 λάκις
223 2291 303 2350 αὐτά.
348 2290 382 2348 Et
396 2287 423 2345 δὲ
432 2286 475 2345 ἐπ’
489 2287 571 2353 οἰκίας
585 2287 631 2346 καί
645 2286 756 2363 ἱματίων
766 2286 812 2345 καί
825 2292 925 2345 σκευῶν

130 2387 214 2439 τοῦτο
232 2382 299 2455 ἡμῖν
315 2376 454 2454 συμόαίνει
469 2375 498 2433 ri>
512 2376 609 2454 πάθος,
623 2369 744 2446 ἐννόησον
757 2374 800 2432 ἐπὶ
817 2380 863 2445 τῆς
874 2399 926 2451 γο-

130 2467 240 2539 ναικὸς,
250 2457 279 2523 ού
292 2464 446 2542 τιμιώτερον
461 2461 586 2541 ἀνδράσιν
601 2461 692 2540 οὐδὲν,
710 2465 765 2528 πῶς
780 2461 843 2520 αὐτὸ
858 2463 926 2539 μετὰ

131 2553 315 2634 σφοδρότητος
326 2550 465 2625 ἐμπίπτειν
487 2548 563 2614 εἰκός.
607 2548 732 2608 Ἐκείνων
745 2549 793 2626 μὲν
809 2549 860 2629 γδιρ
876 2549 926 2609 κδιν

73 2631 116 2701 ’τι
131 2641 318 2718 μεταδοίημεν
340 2646 394 2703 τοῖς
421 2636 603 2714 βουλομένοις,
628 2635 726 2706 ταύτης
750 2637 777 2695 δὲ
801 2639 830 2695 ού
854 2636 927 2713 θέμις

131 2734 217 2804 ἡμῖν,
232 2725 301 2785 citit
313 2729 359 2796 τῆς
370 2728 455 2805 ψυχῆς
468 2722 672 2800 αἰποστησόμεθα
687 2727 806 2804 πρῶτον,
818 2726 836 2795 ἢ
851 2731 927 2783 τοῦτο

132 2821 231 2875 παθεῖν
244 2814 399 2886 ἀνεξόμεθα.
442 2811 499 2882 Τὴν
509 2811 556 2888 μὲν
569 2803 612 2870 σύν
623 2810 837 2891 παρθένον,δ’περ
851 2813 926 2892 ἔφην,

132 2906 180 2964 ἅτε
195 2904 330 2984 ἀνέπαφον
342 2896 422 2959 οὖσαν
434 2898 479 2958 καί
491 2902 558 2958 ἰδίαν
571 2902 650 2958 αὐτοῦ
663 2899 708 2957 καὶ
721 2900 822 2966 οὐδενὸς
836 2902 925 2979 ἑτέρου

131 2992 297 3070 γενομένην,
313 2991 387 3069 πάσῃ
413 2988 545 3069 προθυμία
565 2988 718 3069 προσίεται·
734 2987 781 3058 τὴν
797 2989 823 3046 δὲ
846 2990 926 3068 ἑτέρῳ

96 3096 120 3134 ιο
131 3081 263 3162 πρότερον
275 3077 450 3157 συναφθεῖσαν
463 3078 493 3134 ού
504 3076 572 3153 μετὰ
585 3082 632 3146 τῆς
645 3078 725 3148 αὐτῆς
734 3075 825 3157 ὄψεται
840 3076 926 3157 φιλίας

131 3168 222 3228 τεκαὶ
241 3165 353 3230 εὖνοίας,
397 3166 446 3235 Μὴ
460 3164 512 3243 γάρ
528 3187 572 3240 μοι
584 3164 618 3222 τὰ
638 3162 774 3228 σπανιάκις
789 3163 834 3221 καί
851 3166 926 3240 μόλις

135 3255 208 3323 irre(
228 3252 410 3329 συμόαίνοντα
430 3250 524 3330 εἴπης,
538 3248 608 3310 ἀλλὰ
622 3251 656 3310 τό
680 3254 797 3330 συνεχῶς
814 3249 857 3309 ἐπὶ
874 3256 926 3309 τῶν

130 3342 302 3425 πραγμάτων
318 3340 481 3418 δεικνύμενα.

174 3432 218 3490 Oi
234 3429 279 3487 διὰ
293 3434 377 3486 ταῦτα
391 3428 418 3485 δὲ
441 3426 520 3502 μόνον
531 3424 650 3492 πλείονος
664 3425 750 3498 ἐκείνη
766 3424 865 3502 μεθέξει
881 3428 926 3495 τῆς

98 3537 121 3576 at
134 3516 305 3600 παρρησίας,
318 3517 387 3574 ἀλλὰ
411 3514 458 3574 καί
482 3516 516 3572 δι’
531 3512 608 3595 ίτερα
629 3512 728 3573 πολλά.
771 3505 855 3580 Οθτος
878 3511 925 3590 μὲν

134 3606 189 3686 γὰρ
202 3606 250 3664 καί
264 3602 390 3663 ὀνειδίσαι
405 3602 516 3670 εὐκόλως
528 3601 627 3684 δύναιτί
642 3601 672 3660 διν
696 3604 731 3669 ὡς
745 3599 924 3682 καταφρονού-

138 3717 216 3771 μενος
239 3691 306 3774 παρ’
318 3694 415 3764 αὐτῆς,
432 3691 478 3750 καὶ
497 3689 639 3768 τεκμήριον
652 3693 699 3760 τῆς
720 3690 859 3770 ὀλιγωρίας
878 3687 925 3759 riu

135 3787 171 3849 εἷς
187 3784 231 3841 τὸν
243 3782 370 3860 πρότερον
385 3780 451 3857 αὐτῇ
471 3777 647 3856 γεγενημένην
661 3775 784 3835 ἀπιστίαν
800 3799 926 3856 προενεγ-

137 3876 194 3929 κεῖν
213 3870 260 3929 καί
274 3866 443 3943 ἐπιστομίσαι
456 3869 502 3925 καί
522 3865 586 3947 ὑπὲρ
601 3869 653 3924 τῶν
672 3863 854 3945 γεγενημένων
863 3910 870 3937 ,
880 3863 925 3922 καί

98 3978 124 4016 ιο
136 3958 202 4039 ὑπὲρ
217 3961 270 4015 τῶν
279 3955 347 4033 μηδὲ
357 3954 565 4032 συμόησομὲνων
576 3953 651 4021 ἴσως.
694 3953 728 4013 Ὁ
740 3952 792 4033 γίιρ
805 3951 925 4011 ἀπελθὼν

136 4045 344 4127 καταφρονηθεὶς
355 4043 400 4102 καί
414 4044 458 4102 τὸν
470 4047 554 4112 ζῶντα
569 4041 655 4101 ταύτὰ
665 4045 828 4101 ὑποπτεῦσαι
842 4039 926 4099 πείσει

139 4137 200 4215 περὶ
215 4139 327 4205 tentet,
340 4132 389 4191 κδιν
410 4131 447 4208 μὴ
464 4130 581 4210 γίνηται.
623 4132 682 4191 Οὐκ
697 4131 793 4198 ἐκεῖνος
807 4128 834 4187 δὲ
849 4130 926 4206 μόνος

138 4230 222 4282 ταῦτα
238 4222 375 4303 προφέρων
396 4223 463 4301 αὐτῇ
487 4223 602 4299 συνεχῶς
617 4219 692 4277 ἔσται
705 4217 836 4298 φορτικὸς,
856 4217 925 4275 ἀλλὰ

139 4313 184 4371 καί
205 4312 307 4371 οἰκέται
322 4310 367 4367 καί
388 4311 561 4389 θεράπαιναι,
579 4308 629 4367 κᾶν
644 4307 680 4384 μὴ
696 4310 825 4388 φανερῶς,
841 4307 925 4385 λάθρα

103 4419 127 4459 tc
138 4405 198 4478 γοῦν
213 4395 426 4476 διαγογγύζοντες
438 4397 538 4476 μυρίοις
548 4393 630 4466 αὐτὴν
649 4395 776 4472 βάλλουσι
790 4391 924 4469 σκῶμμα·

140 4510 189 4550 σιν.
234 4486 290 4545 Ἦν
302 4486 330 4543 δὲ
346 4482 436 4563 συμὸῇ
461 4484 506 4541 καὶ
530 4485 628 4549 παῖδας
648 4487 694 4539 τοῦ
712 4481 925 4552 τετελευτηκότος

141 4577 347 4655 καταλειφθῆναι
361 4572 450 4647 νέους,
469 4575 525 4639 πῶς
544 4569 637 4635 αὐτούς
651 4569 803 4650 ἀναθρέψει,
824 4572 879 4635 πῶς
898 4569 925 4626 δὲ

141 4665 335 4745 προστήσεται;
346 4662 422 4720 τίνων
438 4663 465 4719 δὲ
477 4663 596 4740 ὀρφανῶν
611 4661 641 4718 ού
655 4657 842 4738 χαλεπώτερον
855 4659 924 4716 ἐκεῖ·

141 4777 176 4812 ναι
192 4753 336 4831 βιώσονται
356 4745 396 4808 τδί
417 4754 460 4807 τοῦ
474 4746 572 4827 πατρὸς
586 4750 696 4826 δρῶντες
716 4743 821 4803 ἅπαντα
838 4743 925 4824 ἕτερον

105 4859 131 4898 ιο
143 4840 253 4920 ἔχοντα,
269 4839 316 4896 καὶ
330 4834 447 4908 οἰνιίτας,
463 4835 509 4895 καί
523 4834 680 4907 οἰκίαν,καί
703 4832 813 4914 ἀγροὺς,
837 4835 882 4892 καὶ
896 4833 926 4890 τὸ

143 4931 247 4987 πάντων
260 4927 403 5008 κεφάλαιον
428 4925 475 4995 τὴν
493 4932 622 5001 γυναῖκα;
638 4925 694 4989 πῶς
717 4922 871 4993 δυνήσονται
891 4925 927 4989 ὡς

144 5018 205 5098 πρὸς
217 5017 320 5094 μητέρα
339 5016 485 5074 διακεῖσθαι
501 5016 608 5085 ἐκεῖνος
622 5015 677 5078 πῶς
690 5009 718 5069 δὲ
734 5010 800 5083 αὕτη
815 5014 850 5076 ὡς
863 5010 927 5090 πρὸς

145 5108 254 5182 παῖδας,
276 5104 319 5171 οὓς
341 5101 511 5183 αἰσχύνεσθαι
528 5101 573 5160 καὶ
596 5104 715 5181 ἐρυθριᾶν
735 5099 926 5177 ἀναγκάζεται,

146 5184 234 5261 uici<
246 5201 337 5251 πᾶσαν
354 5191 497 5269 ἀπονεῖμαι
511 5189 559 5262 τὴν
575 5186 705 5270 μητρικὴν
722 5189 769 5247 eiu
783 5185 838 5268 ἔχει
851 5189 922 5269 φιλο.

239 5309 260 5346 r.
270 5305 349 5347 torna.
360 5311 542 5346 cerasosromzs.
552 5310 569 5344 1.

651 406 703 466 DE
723 405 804 467 NON
826 407 1026 469 treantina
1047 409 1247 474 CONJUGIO.

1697 429 1754 481 209

970 564 1082 611 usuram,
1092 565 1165 614 quam
1177 568 1232 616 quan
1241 553 1294 617 posi
1302 555 1451 606 viduitatem.
1485 561 1546 607 Nam
1557 559 1619 609 taanc
1632 562 1673 623 qui
1685 575 1754 611 acce·

969 648 1044 710 perit.
1060 652 1087 699 nt
1099 663 1199 699 uxorem
1215 665 1297 701 emere
1309 657 1402 715 potest,
1416 659 1443 704 ut
1457 655 1572 716 virginum
1590 656 1689 708 ductam
1707 673 1756 708 non

970 745 1056 804 potest.
1090 746 1169 801 Quam
1179 759 1235 795 vero
1244 760 1338 798 amores
1349 749 1380 798 itti
1392 751 1428 800 tais
1439 752 1642 815 retaemeutiores‚
1650 758 1675 804 et
1682 757 1756 816 magis

969 841 1149 904 quodammodo
1160 845 1234 894 insani
1244 847 1305 906 sint,
1314 849 1404 897 nemini
1415 864 1463 897 ιιοιι
1472 851 1624 912 exploratum
1633 855 1678 902 eet.
1711 856 1755 903 vt·

970 942 1044 994 duam
1058 959 1114 995 vero
1123 947 1250 1009 tamquam
1261 949 1304 997 siri
1319 963 1367 998 non
1377 951 1476 1000 omnino
1485 952 1584 1001 insciam
1596 954 1694 1003 minime
1704 957 1757 1011 toto

971 1041 1052 1089 animo
1064 1044 1238 1105 complectetur
1251 1049 1324 1107 atque
1336 1046 1435 1095 amobit.
1471 1051 1561 1096 Omnes
1572 1049 1637 1097 enirn
1650 1049 1698 1097 iere
1710 1050 1756 1099 bo·

970 1136 1047 1184 rnincs
1055 1136 1160 1188 solemus
1168 1139 1219 1188 sive
1231 1141 1361 1203 zelotypia,
1369 1142 1504 1193 siveimnie
1513 1144 1594 1206 gloriae
1602 1143 1696 1206 studio,
1706 1146 1757 1196 siae

971 1234 1051 1281 nescio
1070 1235 1173 1296 queatis
1184 1249 1256 1285 causa
1269 1236 1368 1288 adducti
1386 1253 1427 1289 ees
1446 1253 1484 1289 res
1496 1244 1616 1303 praecipue
1631 1243 1654 1290 tn
1675 1256 1758 1292 amore

971 1328 1073 1390 trabere,
1091 1329 1179 1391 quibus
1190 1334 1320 1394 antequam
1334 1333 1357 1382 in
1374 1333 1477 1382 eliorum
1491 1338 1633 1397 potestatem
1646 1337 1757 1386 venerint

972 1425 1082 1485 fruimur,
1094 1439 1245 1488 quarumque
1257 1441 1301 1476 nos
1318 1428 1388 1490 primi
1398 1443 1426 1478 ac
1441 1431 1485 1480 soti
1498 1430 1588 1480 domini
1603 1445 1694 1483 sumus.
1729 1435 1757 1486 td

970 1520 1031 1568 etin
1054 1520 1202 1571 vestimentis
1218 1536 1262 1570 usu
1278 1524 1359 1572 venire
1374 1524 1563 1586 animadvertam
1579 1540 1627 1575 non
1640 1527 1703 1575 enim
1714 1542 1757 1588 ea,

970 1618 1060 1680 quibus
1071 1618 1110 1668 atii
1122 1619 1160 1668 usi
1172 1623 1242 1682 sunt,
1252 1634 1322 1683 aeque
1333 1635 1388 1671 cera
1408 1623 1525 1673 trabentes
1534 1628 1608 1687 atque
1617 1626 1656 1675 itta
1670 1627 1758 1688 quibus

972 1726 1050 1765 nemo.
1083 1713 1150 1764 idern
1162 1715 1187 1763 in
1197 1716 1284 1773 domo,
1296 1716 1359 1766 idean
1369 1718 1394 1767 in
1402 1718 1485 1767 nasis:
1498 1718 1599 1768 domurn
1614 1722 1678 1770 enim
1690 1722 1758 1771 nobis

971 1810 1003 1859 ab
1016 1810 1065 1860 etio
1082 1810 1164 1860 datam
1180 1825 1229 1860 non
1241 1813 1340 1875 perinde
1357 1826 1480 1873 amamus,
1493 1817 1567 1876 atque
1585 1817 1664 1874 ittam,
1682 1831 1756 1878 quam

972 1906 1041 1955 nobis
1052 1906 1096 1968 ipsi
1109 1908 1264 1970 paravimus:
1276 1909 1389 1967 ecstasis,
1402 1923 1458 1971 qure
1472 1923 1549 1972 nraper
1564 1912 1694 1961 factasunt
1712 1927 1757 1960 ιιο-

971 1999 1057 2062 bisque
1067 2001 1172 2063 primunr
1182 2002 1234 2050 ιιειιὶ
1246 2002 1356 2064 serenant,
1369 2003 1441 2052 ratde
1449 2004 1583 2065 parcimus,
1595 2018 1758 2069 nraqnumque

972 2095 1018 2144 ittis
1027 2095 1196 2145 conservandis
1202 2097 1310 2146 studium
1323 2098 1496 2160 impendimus5
1507 2112 1563 2160 qun»,
1573 2103 1653 2148 antem
1665 2100 1696 2148 ab
1706 2102 1758 2150 attis

972 2190 1002 2239 ad
1014 2203 1057 2240 nos
1067 2194 1199 2251 venerunt,
1210 2206 1258 2241 non
1273 2206 1418 2255 magnopere
1434 2195 1457 2243 in
1474 2194 1565 2245 deliciis
1575 2196 1705 2256 babemus,
1716 2197 1756 2248 sed

972 2288 1034 2337 adeo
1050 2301 1201 2350 aversamur,
1214 2293 1242 2339 ut
1252 2304 1316 2353 supe
1333 2291 1357 2339 in
1372 2292 1443 2340 attam
1456 2296 1625 2343 convertamus
1644 2295 1756 2368 tormaun

973 2388 1065 2446 Quodsi
1077 2389 1101 2437 in
1111 2388 1198 2450 domo,
1213 2391 1237 2438 tn
1257 2392 1336 2452 veste,
1351 2390 1374 2439 in
1386 2392 1447 2441 vasis
1458 2391 1505 2441 boc
1513 2392 1595 2441 animo
1606 2406 1704 2454 sumus,
1716 2407 1757 2442 co·

972 2484 1032 2546 gites
1049 2484 1120 2533 veiim
1128 2522 1136 2546 ,
1149 2485 1174 2533 in
1187 2499 1277 2546 tancre,
1289 2500 1336 2549 qua
1351 2487 1409 2536 nitati
1422 2487 1559 2538 trontinibus
1571 2490 1697 2551 pretiosius
1708 2494 1758 2550 est,

972 2583 1063 2643 quanto
1075 2581 1292 2631 retrementinsnos
1303 2583 1366 2631 attrei
1377 2585 1609 2634 consentaneumsit.
1643 2588 1703 2635 Nam
1717 2587 1759 2635 itte

972 2678 1071 2739 quidem
1089 2691 1135 2727 nec
1151 2677 1192 2737 tis,
1205 2680 1246 2741 qni
1267 2679 1382 2741 eupiunt,
1401 2693 1540 2729 recusamus
1556 2680 1757 2731 communicare:

973 2773 1035 2820 banc
1047 2774 1128 2821 autern
1139 2772 1239 2821 minime
1248 2773 1284 2821 tae
1292 2775 1342 2833 est,
1352 2786 1382 2822 ιιο
1399 2773 1470 2822 citius
1484 2774 1559 2823 citam
1571 2775 1757 2836 protundemus,

972 2881 1046 2930 quam
1065 2868 1090 2916 ot
1109 2869 1172 2918 terre
1184 2868 1292 2916 animum
1314 2868 1464 2917 inducamus.
1497 2870 1619 2930 Virginem
1637 2870 1718 2932 im'tur,
1731 2874 1759 2919 ut

972 2962 1099 3024 dicebam,
1121 2964 1206 3025 utpote
1219 2962 1334 3011 intactam
1354 2966 1380 3012 et
1399 2961 1443 3011 sibi
1454 2964 1584 3025 propriam,
1598 2977 1643 3013 nec
1657 2965 1699 3015 uiti
1717 2965 1758 3015 atii

973 3058 1047 3121 price,
1068 3059 1134 3106 ouant
1148 3057 1223 3106 animi
1242 3058 1334 3120 impetu
1349 3058 1537 3119 compiectetur;
1548 3072 1602 3108 eam
1614 3073 1686 3120 vero,
1702 3073 1758 3139 qnae

961 3155 1041 3204 atteri
1057 3155 1123 3218 prius
1142 3153 1282 3215 consuevit,
1304 3167 1352 3202 nnn
1365 3167 1435 3217 nque
1454 3153 1576 3204 benevolis
1594 3157 1759 3219 atqueamicis

972 3250 1161 3312 oculisespiciet.
1194 3252 1277 3311 Neque
1285 3252 1312 3299 to
1322 3249 1393 3312 mibi,
1402 3263 1458 3313 quae
1468 3265 1522 3300 raro
1530 3265 1558 3300 ac
1567 3252 1605 3301 vix
1618 3253 1691 3303 semet
1700 3267 1757 3304 eve-

973 3344 1154 3403 nirantmtteras,
1162 3342 1204 3392 sed
1214 3357 1269 3406 quae
1277 3343 1385 3406 quotidie
1395 3344 1418 3393 in
1428 3345 1551 3394 cornmuni
1558 3345 1608 3395 rita
1618 3350 1756 3397 cernuntur.

1005 3448 1028 3491 ο.
1043 3444 1124 3504 Neque
1135 3455 1191 3490 vero
1199 3441 1237 3490 bae
1244 3441 1302 3490 solae
1309 3443 1461 3502 causaesunt,
1472 3454 1516 3490 car
1528 3442 1568 3491 itta
1576 3441 1758 3505 fidentiusagat,

973 3537 1139 3586 verumetiam
1150 3536 1203 3587 attae
1213 3536 1307 3586 mettre.
1339 3538 1400 3585 tiam
1415 3535 1599 3597 viduoequidern
1611 3537 1712 3586 maritus
1726 3537 1760 3586 te·

972 3630 1018 3680 cite
1030 3629 1175 3691 exprobrare
1186 3630 1288 3693 poterit,
1299 3629 1466 3693 seqnoqueab
1476 3630 1515 3679 itte
1525 3630 1593 3692 parvi
1604 3631 1653 3680 ieri
1662 3666 1669 3691 ‚
1679 3645 1707 3680 ac
1717 3632 1760 3681 de-

972 3726 1069 3786 spectus
1079 3722 1194 3773 indicium
1206 3724 1312 3785 proferre
1322 3722 1486 3772 infidelitatem
1494 3760 1501 3784 ,
1509 3736 1583 3785 quana
1593 3736 1647 3786 erga
1655 3725 1759 3787 priorem

972 3819 1052 3868 virum
1066 3817 1192 3878 adhibuit,
1202 3819 1277 3879 atque
1295 3819 1365 3867 iteca
1375 3817 1410 3867 itti
1427 3817 1566 3879 obstruere,
1583 3818 1656 3880 idque
1667 3820 1716 3868 ἰιιιι
1728 3818 1759 3868 de

973 3911 1100 3975 praeteritis
1112 3911 1198 3972 rebus,
1219 3909 1393 3974 quemdem,
1414 3923 1471 3972 quae
1490 3910 1590 3960 tortasse
1608 3910 1697 3960 toturce
1709 3924 1758 3961 non

971 4010 1037 4058 eunt.
1070 4007 1159 4058 Mortui
1173 4007 1238 4057 enim
1249 4005 1293 4055 virt
1308 4009 1459 4063 contemtus,
1475 4006 1595 4055 virentem
1607 4021 1718 4071 quoque,
1730 4015 1759 4059 ut
1780 4050 1784 4056 .

972 4105 1036 4153 idem
1052 4104 1096 4153 sibi
1106 4106 1243 4165 exspectet,
1258 4102 1411 4163 admonebit,
1424 4102 1635 4153 ticeteventururu
1653 4118 1703 4155 noa
1718 4108 1758 4157 eit.

973 4202 1055 4261 Neque
1065 4212 1122 4247 vero
1134 4198 1173 4247 itte
1182 4197 1248 4247 sotus
1258 4198 1310 4246 boec
1319 4197 1511 4260 perpetuouxori
1520 4197 1635 4259 objiciens
1643 4199 1759 4252 molestus

971 4294 1031 4354 erit,
1044 4293 1084 4342 sed
1096 4293 1179 4342 temeti
1189 4293 1261 4341 etiem
1272 4294 1346 4354 atque
1354 4292 1461 4352 ancilib,
1472 4293 1490 4341 si
1502 4292 1581 4341 minos
1590 4294 1682 4356 palam,
1693 4300 1759 4346 certe

973 4392 1048 4440 tacito
1065 4389 1169 4453 quodam
1187 4401 1312 4436 murorure
1326 4387 1445 4437 sexcentis
1460 4389 1536 4450 ipsane
1555 4391 1670 4441 conviciis
1682 4393 1758 4442 inces-

972 4488 1036 4534 sunt.
1070 4483 1161 4540 Quodsi
1170 4480 1231 4531 titios
1240 4481 1312 4532 etiam
1322 4481 1458 4543 impuberes
1470 4496 1501 4532 ex
1516 4484 1593 4546 priore
1605 4485 1656 4534 tiro
1668 4486 1758 4536 babue-

973 4581 1758 4647 rit‚quourodoiitosectucabit‚‹qarornodocurabittquibusautern

972 4686 1123 4748 pupittisaon
1137 4684 1170 4733 itti
1182 4683 1291 4733 miserius
1302 4684 1397 4744 vivent,
1410 4683 1451 4746 qui
1462 4686 1561 4746 paterna
1573 4686 1654 4736 omnia
1665 4686 1688 4735 in
1699 4687 1757 4737 atte-

972 4786 1023 4836 rius
1032 4787 1149 4848 potestate
1161 4783 1533 4847 videbunt‚iamutos,domam,
1545 4785 1646 4848 pradia,
1658 4790 1683 4836 et
1691 4789 1757 4848 quod

973 4899 1045 4957 caput
1060 4890 1169 4940 omnium
1187 4890 1238 4950 est,
1249 4890 1368 4940 uxorem?
1386 4888 1509 4951 quomodo
1526 4890 1608 4939 matris
1619 4891 1671 4939 ioco
1682 4890 1757 4950 ipsam

973 4994 1052 5043 catere
1061 4991 1095 5040 titi
1108 4991 1238 5054 poterunt?
1251 4988 1374 5051 quomodo
1386 4988 1450 5050 ipsos
1467 4989 1508 5038 itte
1518 4989 1622 5039 sitierunt
1635 4990 1687 5038 toco
1702 4989 1757 5038 ‹titt-

973 5106 1040 5157 gere,
1052 5103 1179 5155 quoscum
1190 5090 1308 5151 intuetur,
1318 5089 1444 5139 erubescat
1459 5102 1487 5137 nc
1504 5090 1595 5151 pandere
1606 5086 1757 5139 carminantur

972 5210 1071 5247 necesse
1086 5198 1116 5247 sit
1126 5233 1133 5258 ,
1143 5196 1279 5259 quibusque
1294 5208 1342 5245 non
1355 5209 1452 5247 omnem
1469 5194 1605 5258 irnperntcre
1622 5197 1757 5245 rasatcrnum

1576 5306 1600 5346 tt
