3892 5867
288 601 318 673 vj
842 590 1059 650 naariam.

289 751 373 798 nem
390 726 502 825 ipsius
516 748 591 796 esse
608 722 792 795 charitatis
812 722 1014 794 christianae
1033 744 1190 819 perenne
1206 720 1339 792 flumen
1361 719 1460 791 dicas
1478 721 1609 792 :etiam

290 849 516 946 profligando
530 848 632 943 erigit
648 862 684 918 et
699 847 831 942 jacenti
849 844 911 917 dat
927 847 1021 918 vires
1035 860 1071 916 et
1094 845 1179 916 alas.
1196 848 1312 931 Quem
1326 845 1390 939 qui
1413 844 1520 916 semel
1544 870 1609 940 gu·

290 974 417 1064 stavit,
431 971 627 1045 identidem
640 970 686 1042 ad
703 994 785 1042 eum
802 970 939 1041 fontem
954 967 1086 1040 redibit
1113 997 1122 1038 ε
1143 983 1198 1040 est
1220 969 1317 1039 enim
1335 968 1611 1064 Chrysostomus
1710 971 1713 975 “

289 1094 339 1190 (si
355 1095 470 1166 lasita
484 1095 606 1190 loqui)
619 1108 741 1164 sancta
755 1093 869 1164 Siren.

341 1223 473 1289 Verum
487 1218 560 1287 oris
577 1230 674 1286 tauta
692 1216 847 1286 suavitas
868 1213 1031 1284 nondum
1050 1238 1092 1285 ea
1108 1238 1181 1309 qua
1203 1227 1360 1310 parerat
1381 1212 1451 1284 fide
1472 1228 1508 1284 et
1521 1217 1610 1309 ἀκρι·

290 1339 356 1432 Θείᾳ
380 1339 519 1411 reddita
538 1340 696 1410 cernitur
718 1339 755 1408 iu
772 1336 993 1409 editionibus
1009 1362 1162 1435 operum
1185 1337 1429 1433 chrysostomi
1453 1362 1461 1404 :
1487 1362 1612 1431 quam·

291 1488 418 1558 quam,
430 1464 460 1533 si
474 1463 554 1558 quis
567 1485 762 1557 graecorum
778 1462 1008 1558 scriptorum,
1020 1460 1079 1532 hic
1092 1474 1233 1557 poterat
1244 1460 1376 1531 uostris
1386 1459 1611 1556 temporibus

291 1585 533 1680 repraesentari
550 1582 622 1654 fere
643 1584 790 1677 integer.
817 1586 905 1652 Nam
927 1598 964 1653 et
982 1583 1112 1678 egregii
1134 1581 1277 1653 codices
1304 1597 1496 1678 supersunt
1511 1582 1611 1653 haud

291 1729 404 1802 parvo
418 1729 583 1794 numero,
602 1719 695 1777 etex
713 1703 857 1776 duobus
868 1705 944 1800 jam
958 1694 1094 1777 sacculis
1113 1718 1148 1776 et
1161 1702 1311 1775 dimidio
1329 1705 1469 1776 critices
1483 1706 1519 1777 in
1542 1706 1614 1778 hoc

292 1832 396 1899 Patre
413 1829 536 1925 positae
555 1829 724 1900 eximium
742 1827 905 1926 splendet
928 1842 1215 1901 monumentum.
1235 1833 1349 1898 Nemo
1374 1852 1479 1918 sane,
1506 1854 1613 1901 nemo

294 1951 507 2048 peritiorum
529 1952 605 2022 sine
633 1951 868 2023 admiratione
885 1952 1059 2024 evolverit
1082 1976 1178 2023 anuo
1201 1951 1292 2022 1612
1318 1950 1413 2022 edita
1430 1953 1614 2027 volumina

293 2075 436 2146 Henrici
458 2075 594 2165 Savilii,
610 2074 713 2169 cujus
733 2074 885 2145 solidam
899 2073 1120 2165 doctrinam,
1138 2099 1262 2145 euram
1288 2074 1613 2170 religiosissimam,

290 2195 465 2291 judicium
476 2220 557 2268 acre
572 2211 607 2268 et
621 2214 761 2268 certum
774 2198 905 2293 quaevis
917 2198 1045 2294 pagina
1059 2211 1221 2270 testatur.
1239 2202 1343 2267 Hunc
1362 2197 1492 2270 ducem
1509 2204 1611 2297 sequi

293 2318 473 2391 debebant
488 2322 702 2417 posteriores
716 2319 889 2409 editores,
906 2322 1046 2391 mnnita
1062 2321 1112 2391 sic
1128 2322 1185 2390 via
1207 2319 1425 2410 incedentes,
1442 2322 1530 2394 lruic
1558 2325 1613 2396 in·

292 2444 441 2537 haerere,
456 2446 665 2542 refingentes
678 2472 757 2544 quae
772 2447 853 2519 libri
872 2447 1038 2519 meliores
1051 2464 1113 2521 aut
1126 2473 1182 2520 res
1192 2465 1228 2520 et
1241 2449 1372 2544 linguae
1385 2473 1511 2520 norma
1530 2475 1615 2521 sua·

294 2568 440 2641 debant.
465 2573 508 2640 At
532 2594 633 2641 secus
656 2569 761 2665 longe
787 2572 906 2643 evenit
927 2596 936 2638 ε
955 2570 1202 2642 Morellianam
1229 2571 1425 2643 editionem
1455 2573 1515 2643 bic
1545 2573 1617 2645 illic

293 2688 463 2784 (minime
477 2692 572 2763 euim
588 2694 813 2788 constanter)
824 2718 865 2764 ex
883 2693 956 2764 suis
969 2692 1155 2764 codicibus
1170 2694 1227 2765 vel
1241 2719 1283 2764 ex
1298 2694 1429 2765 Savilio
1445 2696 1617 2766 emenda·

294 2812 393 2884 bant.
411 2819 464 2885 Ita
484 2814 618 2886 lactum
634 2830 687 2886 est
706 2833 745 2885 ut
768 2816 804 2886 in
822 2819 1012 2914 postremis
1028 2819 1188 2913 Operum
1212 2819 1375 2888 omnium
1397 2817 1619 2890 editionibus

294 2936 483 3032 saepissime
497 2935 612 3009 aliena
630 2937 792 3032 legantur
806 2963 932 3009 eorum
949 2939 1030 3010 loco
1052 2963 1131 3035 quae
1144 2963 1227 3011 vere
1243 2940 1524 3035 chrysostomioa
1540 2966 1616 3013 esse

295 3059 499 3129 certissimis
514 3058 740 3131 documentis
753 3076 905 3132 constat.
926 3064 1009 3148 Quo
1029 3063 1116 3134 vitio
1136 3086 1180 3132 ne
1200 3061 1339 3133 laboret
1355 3061 1415 3133 hic
1437 3064 1617 3151 Delectus‚

297 3180 444 3251 Parisini
465 3179 621 3253 thesauri
645 3181 786 3255 codices
809 3185 965 3280 optimos
989 3208 1154 3280 quosque
1174 3183 1299 3255 sedulo
1318 3184 1534 3255 excussimus
1556 3186 1619 3255 :iu

297 3297 454 3398 quorum
473 3302 543 3374 fide
559 3329 706 3400 prorsus
725 3313 835 3375 omnia
861 3308 1040 3393 nituntur,
1066 3304 1286 3401 ubicumque
1313 3306 1404 3376 nihil
1424 3306 1531 3378 reiert
1552 3307 1622 3379 Ad·

297 3427 437 3497 notatio
461 3427 608 3516 critica,
641 3426 690 3498 ibi
718 3429 814 3499 enim
842 3452 957 3525 panca
984 3443 1124 3499 tantum
1148 3444 1184 3499 et
1207 3430 1399 3524 insigniora
1426 3431 1622 3527 specimina

298 3546 463 3620 dedimus
475 3573 603 3620 eorum
625 3575 704 3646 quae
718 3551 754 3621 iu
777 3552 933 3646 antiquis
952 3549 1051 3622 libris
1068 3551 1181 3622 multo
1205 3551 1308 3622 aliter
1330 3577 1441 3649 quam
1461 3553 1498 3625 in
1518 3552 1623 3626 editis

299 3669 526 3743 exhibentur.
544 3675 609 3742 ch
619 3697 818 3763 monemus,
833 3674 1019 3744 omittenda
1032 3673 1105 3744 fere
1120 3698 1194 3745 esse
1202 3674 1414 3770 legentibus,
1426 3677 1622 3773 prasertim

299 3795 506 3885 instatuis,
523 3820 659 3893 eaquae
683 3798 784 3868 uncis
804 3795 1029 3886 inclusimus,
1054 3798 1188 3895 quippe
1208 3799 1384 3895 posterius
1399 3798 1498 3870 illata
1519 3796 1640 3895 chry?

300 3922 498 3993 sostomicae
519 3924 687 4012 orationi,
704 3922 913 4020 reliquimus
936 3936 1057 3995 autem
1084 3922 1317 4021 plerumque,
1340 3938 1382 3996 ut
1398 3925 1623 3997 memorabili

301 4044 464 4143 exemplo
479 4058 618 4117 constet
633 4061 856 4144 quantopere
872 4060 1027 4140 grassata
1046 4045 1091 4119 sit
1106 4046 1335 4147 interpolatio
1347 4048 1456 4120 etiam
1476 4048 1512 4120 in
1536 4048 1624 4118 scri·

302 4182 406 4264 ptore
420 4167 603 4239 uberrimo
618 4183 653 4239 et
664 4168 925 4266 limpidissimo.
