3892 5867
188 467 243 516 102

184 579 238 639 όσω
260 576 290 636 δν
311 577 438 653 tatararii,
453 570 570 651 τοσούτῳ
589 573 678 649 μεῖζον
692 568 748 651 ipra
768 569 799 630 τδ
818 570 965 651 ἐγκώμιον·

184 674 199 728 ὁ
216 639 244 726 δὲ
253 665 353 745 γάμος,
372 661 434 721 όταν
451 664 521 742 αύτῷ
532 684 571 728 τις
585 659 738 739 κατακόρως
751 658 913 739 κεχρημένος
924 650 943 738 ᾖ
955 699 964 729 ,

183 758 242 816 τότε
255 755 372 834 μάλιστα
387 751 493 810 ἐπαίνου
504 750 600 817 παντὸς
613 749 802 829 ἀπεστέρηται.
847 776 858 800 ι
874 749 965 808 Τοῦτο

184 845 247 925 γάρ,
259 842 336 925 φησί,
347 840 416 919 λέγω
428 837 498 899 κατὰ
511 837 684 917 συγγνώμην,
694 840 724 896 ού
734 840 793 897 κατ’
803 836 941 912 ἐπιταγήν·
952 861 965 887 ν

158 948 172 985 ⁸
185 935 246 991 ἔνθα
263 930 291 989 δὲ
304 928 335 988 διν
350 920 368 1007 ᾖ
383 926 542 1006 συγγνώμη,
555 925 646 1008 χώραν
661 925 766 994 ἔπαινος
779 928 827 985 οὐκ
844 924 875 983 ἂν
896 923 963 1004 ἔχοι.

185 1017 264 1080 ’itii
289 1017 334 1077 καὶ
357 1017 418 1096 περὶ
435 1019 487 1075 τῶν
508 1015 644 1095 παρθένων
665 1012 847 1093 διαλεγόμενός
866 1035 964 1093 φησιν,

184 1104 361 1185 dirrupit
380 1104 479 1185 Kopion
501 1106 549 1163 οὐκ
571 1103 642 1184 ἔχω,
660 1102 770 1181 γνώμην
791 1101 819 1162 δὲ
832 1102 937 1178 δίδωμι.
953 1126 964 1152 ι

184 1196 297 1268 Μήποτε
318 1184 361 1252 ούν
382 1192 434 1272 ἀρα
448 1190 478 1250 τθ
497 1200 610 1272 πρᾶγμα
633 1190 772 1269 ἐξίτωσεν,
789 1190 905 1268 Ἄπαγε·
922 1186 966 1246 ἐπὶ

185 1284 233 1361 μὲν
254 1280 305 1362 γθιρ
327 1284 375 1353 τῆς
394 1278 524 1361 παρθένου
545 1278 654 1358 γνώμην
668 1279 792 1352 δίδωσιν,
807 1274 966 1339 ἐνταῦθαδέ

145 1389 170 1428 io
185 1370 353 1450 συγγνώμην.
397 1367 550 1429 Ἐπιτοίττει
562 1368 589 1426 δὲ
602 1367 734 1448 οὐδέτερον
749 1367 779 1426 ού
793 1365 836 1426 διδ
852 1364 901 1438 τὴν
915 1365 965 1423 αὖ·

183 1461 231 1531 τὴν
246 1458 346 1530 αἰτίαν,
367 1457 425 1515 ἀλλ’
444 1458 556 1515 ἐνταῦθα
578 1456 641 1533 μὲν,
656 1453 700 1513 too
717 1453 756 1532 μή
777 1478 816 1521 τις
836 1453 967 1525 ἀναόῆναι

184 1548 236 1607 ἀπὸ
252 1552 299 1617 τῆς
312 1545 440 1627 ἀκρασίας
456 1543 612 1624 βουλόμενος
625 1543 761 1615 κωλύηται
771 1545 807 1609 ὡς
818 1541 967 1619 ἐπιτάγμα·

183 1659 227 1702 τος
240 1635 342 1712 ἀνάγκη
368 1631 519 1707 δεδεμένος·
541 1631 596 1690 ἐκεῖ
614 1629 657 1710 δὲ,
669 1628 713 1689 ίνα
732 1628 822 1708 μήτις
837 1629 967 1699 ἀναύῆναι

183 1724 247 1803 πρὸς
260 1721 308 1792 τὴν
323 1719 464 1799 παρθενίαν
479 1720 615 1778 ἀδυνατῶν
631 1718 822 1801 κατακρίνηται
835 1723 870 1786 ὡς
883 1742 966 1800 προσ·

145 1833 171 1872 ιο
185 1815 319 1892 τάγματος
340 1807 510 1891 παρακούων.
553 1810 613 1870 Οὐκ
635 1809 765 1868 ἐπιτάττον
781 1808 965 1889 παρθενεύειν,

185 1899 250 1981 ρηοί
258 1923 265 1936 ·
281 1897 386 1957 δέδοικα
399 1896 450 1977 γὰρ
465 1901 511 1955 τοῦ
525 1895 680 1975 πράγματος
692 1895 723 1955 τό
744 1894 965 1974 δοσκατόρθωτον.

185 1993 244 2050 Οὐκ
257 1986 388 2046 ἐπιτάττον
400 1987 516 2063 συνεχῶς
525 1984 697 2064 συνέρχεσθαι
708 1988 742 2064 τῇ
753 1982 870 2062 γυναικί·
886 1986 968 2064 ἀκρα·

186 2076 244 2144 σίας
258 2074 309 2154 γὰρ
320 2075 349 2132 οὐ
364 2072 492 2150 βούλομαι
507 2062 573 2130 εἶναι
586 2070 737 2147 νομοθέτης.
781 2061 878 2145 Εἶπον,
893 2073 967 2131 Συν-

186 2166 309 2245 ίργεσθε,
323 2159 394 2220 κάτω
408 2158 558 2231 καταύῆναι
574 2157 695 2236 κωλύων,
709 2162 738 2219 οὖ
748 2157 796 2230 τὴν
809 2156 967 2240 προσωτέρω

145 2271 173 2309 ao
187 2232 333 2332 προθυμίαν
362 2247 521 2324 ἐμποδίζων.
563 2248 623 2308 Ούκ
653 2246 705 2328 ἄρα
733 2248 814 2306 αὖτοῦ
843 2244 966 2327 βούλημα

185 2335 383 2420 προηγούμενόν
395 2338 451 2395 ἐστι
464 2335 494 2394 τδ
505 2339 620 2416 χρῆσθαι
630 2334 771 2402 διαπαντός
780 2334 893 2412 γυναικί,
908 2337 967 2394 ἀλλ’

185 2433 203 2499 ἡ
230 2429 282 2486 τῶν
308 2421 492 2505 ῥαθυμοτέρων
520 2427 596 2482 τοῦτο
623 2421 810 2498 ἐνομοθέτησεν
839 2421 965 2502 ἀκρασία.

185 2513 263 2575 Ἐπεί
282 2514 305 2572 εί
320 2512 352 2570 τ“ο
366 2509 477 2570 Παύλου
492 2510 615 2589 βούλημα
632 2509 714 2576 θέλεις
733 2514 840 2587 μαθεῖν,
855 2508 968 2569 άκουσον

185 2603 260 2662 ποῖόν
274 2603 345 2660 ἐστι·
360 2627 373 2652 ι
384 2599 479 2672 Θέλω,
491 2597 572 2679 ρησλ,
581 2596 683 2664 πάντας
694 2596 842 2675 ἀνθρώπους
856 2588 922 2656 εἶναι
934 2601 969 2665 ὡς

146 2708 174 2747 ai
187 2691 233 2751 καὶ
245 2687 359 2768 ἐμαυτὸν
372 2713 384 2739 ν
400 2688 426 2744 ἐν
438 2685 588 2767 ἐγκρατείᾳ.
632 2686 737 2747 Οὐκοῦν
748 2687 770 2742 εἰ
783 2684 879 2751 πάντας
888 2685 969 2752 θελεις

186 2781 212 2839 ἐν
221 2776 359 2857 ἐγκρατείᾳ
368 2765 447 2848 εἶναι,
458 2774 550 2833 οὐδένα
562 2773 642 2840 θελεις
655 2764 721 2831 εἶναι
731 2772 758 2829 ἐν
766 2770 855 2851 γάμῳ.
898 2772 969 2832 Οὐδὲ

185 2867 244 2949 γάρ·
251 2868 280 2925 οθ
295 2862 347 2941 μὴν
368 2861 411 2920 δεδι
425 2867 503 2920 τοῦτο
524 2859 619 2920 κωλύω
635 2858 694 2926 τοὺς
709 2858 895 2938 βουλομένους,
910 2858 969 2919 ούδί

186 2958 326 3031 αἰτιῶμαι,
338 2950 396 3009 ἀλλ’
409 2948 521 3030 εὔχομαι
539 2947 587 3025 μὲν
600 2948 645 3007 καί
659 2950 732 3006 ποθῶ
743 2947 843 3014 πάντας
855 2937 922 3004 εἶναι
935 2950 970 3014 ὡς

185 3042 232 3102 καὶ
252 3038 378 3117 ἐμαυτόν,
390 3040 521 3117 συγχωρῶ
539 3037 566 3094 δὲ
581 3037 688 3094 κάκεῖνο
707 3033 751 3092 διδ
768 3032 814 3100 τὰς
834 3034 968 3111 πορνείας·

148 3151 177 3191 aa
189 3130 231 3190 δεδι
247 3133 322 3188 τοῦτο
339 3125 385 3184 καὶ
402 3125 545 3204 ἀρχόμενος
559 3115 632 3182 εἶπον
645 3150 658 3177 ε
673 3121 762 3182 Καλόν
779 3120 908 3204 ἀνθρώπῳ
919 3146 970 3201 γο-

187 3216 276 3283 ναικδς
287 3213 325 3294 μὴ
340 3213 469 3272 ἅπτεσθαι
477 3240 505 3288 ι,
515 3211 556 3270 ότι
568 3215 644 3270 τοῦτο
656 3211 757 3287 μᾶλλον
769 3213 851 3270 ποθῶ.

208 3304 303 3372 ’Τίνος
320 3300 347 3361 δὲ
370 3300 454 3360 ἕνεκεν
468 3301 578 3358 ἐνταῦθα
592 3301 686 3357 ἑαυτοῦ
703 3298 849 3375 μέμνηται,
868 3297 967 3376 λέγων,

191 3424 203 3447 a
220 3391 299 3454 Θέλω
313 3389 341 3448 δέ
355 3388 455 3455 πάντας
468 3384 617 3467 ἀνθρώπους
629 3375 695 3443 εἶναι
706 3388 741 3450 in
756 3385 802 3444 καὶ
814 3387 945 3459 ἐμαυτόν;
958 3411 969 3437 n

186 3482 272 3542 καίτοι
295 3481 318 3538 εί
340 3476 377 3554 μὴ
400 3479 475 3534 τοῦτο
494 3470 665 3586 προσέκειτο,
682 3471 731 3544 τὴν
752 3471 969 3552 περιαυτολογίαν

76 3567 79 3574 ’
148 3590 175 3630 τε
188 3569 306 3651 ἐξέφυγεν
323 3566 366 3627 ἄν.
409 3562 487 3629 Τίνος
500 3584 544 3620 ουν
559 3559 645 3619 ἕνεκεν
657 3558 854 3639 προσέθηκεν,«
865 3558 914 3627 Ὧς
925 3557 971 3617 καὶ

189 3656 342 3736 ἐμαυτόνγι
365 3653 424 3713 Οὖκ
445 3649 561 3728 ἐπαίρων
590 3648 696 3708 ἑαυτόν·
722 3640 795 3716 οὗτος
823 3648 873 3729 γάρ
900 3651 970 3718 ἐστιν

189 3751 203 3807 θ
216 3741 410 3812 πλεονεκτήσας
425 3738 473 3816 μίν
486 3741 539 3796 τῶν
561 3735 714 3795 ἀποστολων
728 3738 755 3795 ἐν
769 3743 823 3804 τοῖς
837 3735 904 3817 ὑπὲρ
924 3742 972 3797 τοῦ

188 3833 355 3915 κηρύγματος
373 3827 473 3900 πόνοις,
485 3824 589 3894 ἀνάξιον
612 3823 640 3884 δέ
654 3824 701 3884 καί
725 3829 771 3895 τῆς
796 3824 974 3905 προσηγορίας

189 3922 364 3989 ἀποστολικῆς
385 3916 476 3976 ἑαυτὸν
491 3905 556 3972 εἶναι
580 3912 701 3989 νομίζων.
744 3909 835 3973 Εἰπὼν
856 3912 906 3993 γδιρ
933 3910 974 3972 ότι

83 4017 88 4025 ”
148 4034 176 4073 ευ
191 4040 202 4063 τι
216 4006 290 4084 Ἐγώ
304 4008 384 4083 είμιό
399 4003 536 4083 ἐλάχιστος
550 4002 602 4058 τῶν
620 3998 788 4072 ἀποστόλων,
806 4026 819 4050 ι
837 3998 927 4079 ὥσπερ
948 4022 974 4057 τι

189 4103 236 4170 τῆς
248 4094 320 4164 ἀξίας
330 4095 408 4151 αὐτοῦ
419 4092 506 4169 μεῖζον
520 4085 694 4170 φθεγξάμενος
706 4085 916 4165 ἐπιλαμύάνεται
927 4109 973 4146 τα·

190 4187 259 4268 γέως
273 4186 384 4254 ἑαυτοῦ,
401 4179 503 4257 λέγων,
515 4206 527 4230 ε
542 4176 595 4242 Ὃς
611 4178 657 4234 οὒκ
670 4174 724 4252 εἰμὶ
737 4174 825 4243 ἱκανός
839 4177 974 4234 καλεῖσθαι

190 4256 344 4338 ἀπόστολος.
358 4297 370 4322 ν
411 4272 489 4334 Τίνος
499 4258 542 4325 οθν
555 4264 643 4324 ἐνεκεν
653 4268 765 4324 ἐνταῦθα
777 4267 810 4342 τῇ
823 4263 975 4340 παραινέσει

189 4362 357 4445 πρόσκειται;
366 4359 427 4437 Οὐχ
437 4358 528 4424 ἅπλῶς
542 4353 602 4414 οὐδὲ
613 4356 649 4419 ὡς
662 4352 770 4432 ἔτυχεν,
780 4351 838 4410 ἀλλ’
848 4351 905 4431 ᾔδει
916 4349 976 4420 τοὺς

150 4474 179 4514 aa
194 4449 314 4530 μαθητὰς
322 4448 382 4507 τότε
394 4448 510 4524 μάλιστα
527 4447 564 4511 είς
578 4443 623 4502 τὸν
634 4444 688 4502 τῶν
701 4441 791 4500 καλῶν
805 4440 976 4519 ἐναγομένους

192 4544 269 4612 ζῆλον
279 4583 288 4614 ,
300 4537 362 4594 όταν
375 4532 449 4615 παρλ
462 4537 514 4592 τῶν
525 4529 689 4591 διδασκάλων
704 4529 786 4609 ἔχωσι
801 4527 835 4586 τὰ
853 4528 973 4608 παραδεί·

191 4649 292 4704 γματα.
332 4620 442 4699 Ὠσπερ
456 4609 501 4679 σύν
514 4623 529 4677 ό
543 4617 624 4699 χωρίς
638 4618 720 4698 ἔργων
728 4619 755 4677 ἐν
768 4619 821 4683 τοῖς
828 4613 913 4695 λόγοις
927 4614 975 4691 μό·

193 4737 236 4774 νον
249 4714 396 4795 φιλοσοφῶν
406 4707 478 4767 οὐδὲν
492 4706 591 4778 ὀνίνησι
603 4704 672 4782 μέγα
684 4704 728 4764 τὸν
739 4702 886 4781 ἀκροατὴν,
895 4701 976 4770 οὕτως

193 4807 207 4861 i
219 4800 283 4880 παρ’
297 4803 390 4858 ἑαυτοῦ
407 4794 512 4878 πρώτου
526 4798 734 4876 κατορθωθεῖσαν
752 4793 820 4872 ἔχων
833 4790 915 4861 δεῖξαι
928 4790 975 4861 rip

154 4915 181 4956 εο
194 4888 362 4969 σομόουλὴν,
389 4885 473 4964 ταύτῃ
506 4882 622 4962 μάλιστα
647 4881 754 4940 πάντων
779 4879 907 4958 ἐπάγεται
931 4879 976 4938 τὸν

195 4978 335 5037 ἀκούοντα.
377 4972 448 5053 Πρθς
462 4968 490 5030 δέ
504 4969 603 5036 τούτοις
615 4967 660 5027 καὶ
672 4968 765 5050 ρθόνου
778 4966 823 5024 καλ
836 4967 916 5048 τόρου
927 4991 976 5026 κα-

195 5064 336 5146 θαρεύοντα
359 5062 486 5122 δείκνυσιν
508 5057 614 5117 ἑαυτόν·
627 5055 656 5115 τθ
682 5055 734 5136 γθρ
750 5053 879 5134 ἐξαίρετον
900 5060 976 5115 τοῦτο

195 5154 279 5214 κοινόν
292 5144 358 5213 εἶναι
373 5151 495 5234 βούλεται
507 5151 559 5207 τῶν
574 5146 711 5223 μαθητῶν,
720 5144 793 5203 οδδέν
803 5145 888 5202 αὐτῶν
896 5142 976 5203 πλέον

196 5243 266 5324 ίχιιν
289 5245 388 5318 ζητῶν,
405 5242 465 5301 ἀλλ’
478 5242 506 5298 ἐν
528 5236 626 5296 ἅπασιν
647 5232 738 5301 aaut<
759 5231 857 5302 ἐξισοθν
879 5230 974 5305 ἑαυτῷ.

822 448 875 510 ΒΕ
896 444 1158 509 vinoidirtia.

1632 545 1636 551 ,
1672 449 1797 531 ‹om-r

1010 578 1037 627 at
1049 576 1251 641 matrimonium,
1266 577 1309 628 uiri
1329 591 1358 630 eo
1375 579 1431 642 piua
1448 579 1509 632 saar
1523 581 1608 643 utare,
1620 581 1675 632 taur
1691 582 1800 633 maxima

1011 681 1267 747 iaudiaournioexpem
1273 686 1318 735 ou.
1353 702 1366 727 ιι
1377 685 1404 734 id
1413 684 1493 758 euim,
1504 685 1583 748 inquii
1592 685 1644 749 (td.
1653 689 1719 752 mo)
1726 722 1734 749 ,
1743 687 1800 737 dtoo

1010 785 1331 850 seeundumindaigentiam,
1341 801 1391 839 non
1399 787 1533 840 meandum
1544 792 1693 854 praeceptum
1708 806 1739 841 :a
1748 792 1801 854 iarn

1012 890 1054 940 obi
1070 894 1107 941 eat
1121 891 1285 956 indulgentia,
1300 892 1367 943 laudi
1385 893 1467 944 nutius
1480 896 1517 944 est
1534 893 1612 946 iooua.
1631 898 1678 947 -nt
1691 897 1758 948 euim
1773 899 1801 949 et

1011 993 1041 1045 de
1055 995 1186 1059 virginiana
1196 996 1314 1048 οἰκεοτωνε
1327 997 1362 1048 ait
1376 997 1429 1062 (ii.
1441 1000 1502 1062 το),
1517 1002 1681 1063 Promptum
1692 1004 1801 1054 Doniui

1012 1099 1166 1163 nouitatem
1178 1102 1315 1154 constitum
1331 1107 1422 1156 ouium
1433 1104 1475 1156 do.
1507 1108 1573 1157 unu
1583 1106 1658 1170 igitur
1668 1121 1721 1159 rem
1733 1122 1802 1160 aare·

1012 1204 1115 1267 querit?
1128 1206 1228 1258 itinime
1243 1208 1352 1270 gentium
1365 1227 1372 1258 ε
1386 1220 1444 1259 uam
1457 1209 1488 1261 da
1499 1210 1593 1273 virgine
1603 1214 1749 1264 annmtiam
1765 1213 1803 1264 di·

1012 1307 1061 1372 oit3
1075 1309 1115 1360 trio
1124 1323 1268 1363 ouaaeusom
1276 1310 1329 1363 dat.
1361 1317 1397 1364 Αο
1407 1317 1524 1364 neutrum
1533 1316 1642 1381 prreoiptt
1653 1331 1703 1368 uon
1714 1319 1802 1371 eadem

1011 1411 1043 1463 de
1056 1426 1142 1474 οιυοις
1154 1414 1196 1464 aed
1211 1414 1267 1478 irio,
1282 1429 1314 1467 no
1328 1417 1372 1480 qui
1388 1417 1421 1468 ab
1438 1417 1623 1483 intemperantia
1634 1434 1660 1471 ao
1672 1422 1803 1474 austotiera

1012 1518 1086 1570 reiiet
1101 1518 1357 1583 protriberetur,veiot
1371 1522 1485 1587 praerepti
1498 1525 1640 1576 aemunitate
1651 1525 1801 1590 obatrtoiuap
1912 1581 1913 1598 ,

1013 1622 1077 1684 iiiic,
1089 1636 1121 1673 ua
1133 1623 1176 1686 qui
1186 1623 1218 1674 ad
1232 1624 1394 1688 virginitatem
1404 1627 1524 1690 attingere
1534 1628 1684 1692 nequivisset
1697 1629 1802 1682 damna·

1014 1731 1091 1790 retur,
1108 1741 1153 1779 eeu
1167 1729 1192 1778 iu
1209 1731 1359 1796 prmoepturu
1374 1734 1517 1784 contumax.
1550 1736 1603 1784 iton
1617 1735 1749 1798 praroipio,
1766 1736 1804 1786 in·
1912 1775 1913 1792 r

1012 1832 1080 1895 quit,
1097 1831 1516 1896 virginemeose3rarooreuimrei
1531 1836 1713 1889 diitioattatenr.
1747 1842 1803 1890 uon
1912 1889 1913 1892 ,

1013 1937 1127 2001 prnoipio
1136 1937 1248 1999 congredi
1257 1939 1398 2001 trequentes
1407 1953 1464 1990 oum
1474 1953 1551 1991 uxore
1562 1960 1568 1991 :
1579 1941 1709 1991 notuenim
1718 1941 1804 1993 Ιοοοα·
1912 1939 1913 1942 ’

1013 2043 1123 2096 lineatim
1133 2044 1320 2108 iugulatorum.
1355 2046 1426 2107 Dixi,
1441 2050 1593 2106 conuenite,
1607 2051 1634 2100 ut
1644 2049 1803 2102 roiribeauain

1015 2160 1122 2212 praecepa
1135 2148 1207 2211 terri,
1216 2162 1265 2198 nou
1278 2149 1445 2202 danubinum
1458 2150 1565 2201 studium
1574 2152 1716 2216 impediam.
1747 2157 1803 2206 riou

1014 2266 1070 2316 ergo
1081 2252 1105 2302 td
1116 2252 1237 2317 praecipuo
1248 2253 1315 2316 vuit,
1324 2254 1459 2311 uttaosidao
1469 2269 1547 2306 uxore
1558 2259 1665 2319 tutamur,
1675 2258 1716 2308 aed
1729 2259 1803 2309 nimi·

1017 2370 1070 2406 rum
1087 2356 1112 2406 id
1136 2358 1274 2420 segniorum
1294 2359 1479 2423 intemperantia
1496 2361 1586 2413 sanxit
1618 2365 1680 2413 itam
1695 2364 1716 2415 ai
1735 2366 1803 2416 Pauii

1014 2461 1165 2512 voluntatem
1181 2462 1243 2514 aoira
1256 2463 1309 2525 ris,
1321 2462 1378 2514 audi
1389 2466 1498 2528 quoeait:
1516 2466 1590 2529 Vota,
1600 2467 1681 2530 tuqurit
1693 2470 1747 2532 (ib.
1760 2475 1803 2533 it,

1014 2579 1101 2616 onmes
1113 2565 1230 2617 domines
1241 2570 1280 2618 ato
1295 2579 1366 2624 earo,
1377 2571 1409 2619 ut
1421 2582 1466 2631 epo
1473 2582 1533 2620 sum
1542 2606 1550 2632 ,
1560 2571 1720 2624 contineuteu
1754 2577 1803 2640 igi·

1014 2674 1056 2721 tur
1068 2670 1112 2733 qui
1122 2670 1182 2720 reita
1199 2683 1285 2722 omnoa
1300 2672 1452 2723 eontiuoutna
1472 2686 1540 2735 eoae,
1554 2676 1676 2727 neminem
1698 2678 1737 2729 ria
1751 2693 1805 2731 eoae

1014 2773 1151 2837 coniugum
1182 2774 1283 2825 itiuime
1302 2775 1413 2839 equidem
1432 2779 1559 2840 pmpterea
1581 2779 1690 2831 valentro
1706 2786 1763 2834 reto
1778 2787 1804 2835 at

1015 2880 1146 2943 insimulo,
1164 2881 1207 2931 aed
1223 2882 1372 2944 cuuaoptem
1389 2894 1418 2930 ao
1436 2882 1716 2945 pemupiamomnaaaio
1734 2901 1803 2950 ame,

1016 2982 1043 3032 ut
1054 2995 1098 3044 ego
1108 2993 1178 3042 aum,
1191 2981 1245 3031 tum
1258 2978 1318 3030 iliud
1334 2982 1433 3044 propter
1452 2980 1635 3032 inminationem
1649 2984 1724 3034 etiam
1743 2999 1803 3036 oon·

1017 3088 1245 3151 cod021dooquoiu
1260 3087 1378 3152 principio
1392 3088 1517 3152 dicebam,
1528 3094 1630 3143 Bonum
1644 3097 1684 3144 eat
1701 3092 1802 3147 domiui

1017 3200 1156 3251 auratiorem
1165 3210 1217 3248 αοιι
1230 3200 1353 3263 toupara,
1362 3199 1419 3262 quia
1429 3199 1453 3248 id
1462 3203 1629 3263 praeoptarem.

1048 3309 1145 3358 xxiiii.
1159 3306 1327 3370 [Necessario
1343 3306 1460 3359 Pontum
1475 3311 1642 3361 oouiiuentr'ae
1654 3313 1804 3377 compton

1016 3423 1044 3461 re
1053 3411 1217 3474 proposuisse
1229 3407 1248 3473 ].
1281 3407 1328 3460 Sed
1340 3421 1415 3472 quare
1427 3409 1467 3459 taio
1484 3410 1521 3459 aui
1535 3410 1658 3475 muniuit,
1678 3414 1803 3479 inquiens,

1025 3515 1084 3567 i'oto
1094 3526 1181 3564 omues
1197 3513 1312 3564 immines
1324 3515 1361 3563 otc
1372 3525 1439 3569 erae,
1450 3515 1483 3564 ut
1500 3526 1545 3577 eoo
1556 3521 1637 3566 sume
1647 3517 1714 3580 quod
1726 3518 1746 3569 oi
1756 3533 1804 3570 nou

1018 3618 1162 3681 addidisset,
1174 3616 1211 3667 sui
1220 3630 1278 3668 anne
1285 3616 1432 3668 mentionem
1444 3616 1573 3681 eiiugisaet.
1605 3603 1734 3684 curigiiur
1743 3622 1806 3687 adje-

1019 3725 1067 3787 cit,
1080 3727 1113 3774 iit
1124 3736 1169 3785 epo
1181 3726 1262 3772 ruore
1271 3723 1326 3771 riou
1338 3733 1388 3783 quo
1396 3733 1423 3771 ae
1433 3721 1573 3784 extoiieret3
1585 3735 1642 3772 nam
1654 3723 1744 3776 intuitio
1756 3730 1805 3788 ast,

1020 3828 1062 3892 qui
1072 3805 1129 3877 cum
1141 3823 1319 3890 prmdicnttouia
1331 3823 1453 3874 iniuriam
1471 3825 1585 3888 apoatoiio
1593 3828 1733 3890 praeataret,
1743 3829 1805 3879 indi·

1019 3943 1094 3994 gruum
1104 3942 1130 3978 ae
1145 3928 1183 3977 vei
1193 3926 1294 3991 apostati
1307 3927 1405 3977 nomine
1413 3927 1544 3978 existimat.
1573 3929 1636 3977 cam
1648 3928 1714 3979 enirn
1729 3930 1805 3981 dixia-

1020 4034 1099 4097 aei(1
1126 4034 1183 4082 cur.
1199 4037 1235 4081 1ο.
1256 4031 1296 4092 ο),
1319 4033 1370 4093 Epo
1386 4042 1447 4081 aum
1466 4032 1590 4081 minimus
1609 4032 1803 4094 apostotorum,

1020 4135 1088 4186 reiut
1101 4134 1181 4198 majam
1191 4132 1308 4197 quiddam
1316 4145 1391 4196 quam
1411 4144 1456 4195 pro
1473 4130 1589 4194 dignitate
1598 4145 1642 4183 ona
1662 4133 1806 4196 eioquutrm,
1912 4191 1913 4216 γ

1022 4240 1106 4290 atatim
1118 4239 1269 4302 aooaatigat,
1288 4237 1392 4299 addens,
1408 4239 1457 4295 Qut
1469 4248 1520 4286 uou
1531 4248 1591 4286 rum
1606 4235 1702 4299 ἀίοντα
1721 4240 1808 4288 uocari
1912 4239 1913 4256 ¹

1022 4346 1163 4410 oportum.
1196 4342 1324 4407 curigiiur
1335 4343 1377 4392 irio
1391 4340 1552 4392 uoirortationi
1568 4342 1808 4405 aeaeappoaitiiiou
1912 4375 1913 4392 r

1021 4454 1113 4501 temere
1123 4448 1148 4499 id
1159 4446 1257 4514 qrridem
1267 4483 1274 4508 ,
1283 4449 1327 4497 aut
1336 4446 1389 4497 aiae
1397 4458 1484 4505 οευεο,
1495 4444 1537 4496 aed
1548 4444 1592 4508 qui
1600 4444 1674 4495 mirei
1679 4444 1809 4510 dirdprrioo

1021 4558 1074 4605 tum
1089 4553 1195 4604 maxime
1209 4552 1240 4602 ad
1258 4550 1427 4615 prmatnntium
1447 4562 1528 4599 rerum
1547 4547 1657 4599 studium
1669 4549 1809 4610 incitari,ai

1023 4655 1200 4716 praceptorum
1213 4648 1317 4698 iubeant
1335 4644 1455 4709 exempta.
1488 4648 1574 4708 ltaque
1592 4647 1621 4694 ari
1640 4645 1809 4709 quippedum

1022 4763 1115 4801 unouua
1131 4746 1213 4798 verbio
1232 4746 1313 4796 sotum
1331 4742 1529 4807 piriiosopiaatur,
1550 4742 1615 4792 hand
1633 4755 1691 4792 sane
1704 4741 1810 4792 auditori

1023 4846 1142 4912 prodeat:
1162 4844 1196 4895 itu
1208 4843 1251 4908 qui
1273 4840 1428 4893 aonaiiiuma
1443 4852 1470 4890 aa
1487 4839 1565 4902 primo
1585 4838 1719 4903 perieaiuru
1738 4838 1811 4890 iuuat
1912 4807 1913 4866 s

1023 4943 1202 5004 exhibendum,
1212 4940 1251 4992 vei
1261 4940 1307 4989 ima
1318 4940 1343 4988 in
1357 4937 1441 5001 primia
1452 4935 1544 4986 rationo
1560 4935 1696 4985 auditorem
1708 4934 1810 4985 inducit.

1024 5045 1145 5095 iruterra
1153 5052 1242 5104 pamm
1253 5051 1280 5089 ae
1288 5037 1319 5088 air
1327 5036 1417 5086 inuidia
1426 5036 1500 5099 atque
1510 5034 1573 5084 iustu
1586 5031 1706 5094 ostendit,
1719 5033 1760 5096 qui
1770 5045 1810 5082 ea·

1023 5141 1113 5192 ceiieaa
1132 5139 1180 5189 iror.
1197 5139 1222 5187 et
1240 5134 1391 5200 precipuum
1403 5145 1460 5182 cum
1478 5130 1742 5194 diaaipoiiaoommuae
1758 5141 1809 5180 τοτε

1022 5233 1402 5301 ταίηοωυεὶῑείςνεοςναειοτο
1413 5224 1809 5291 ouret,aediuomadraaeoaaiii
1912 5221 1913 5274 i
