3892 5867
707 414 760 473 AD
787 415 969 475 POPULUM
990 414 1270 477 eunomianum

483 544 619 605 ΟΜῙΛΙΑ
641 544 676 601 κ’.

192 704 247 753 Ὅτι
259 703 302 751 οὐκ
315 702 382 765 ἀρκεῖ
397 703 412 759 ἡ
424 702 521 758 νηστεία
538 705 578 756 τῆς
591 704 780 760 τεσσαρακοστῆς
789 700 845 760 πρὸς
856 701 883 746 τό
900 699 968 747 δύνα-

225 775 279 821 σθαι
292 776 424 829 κοινωνεῖν,
435 771 493 818 ἀλλὰ
504 771 542 817 καὶ
553 772 589 818 δεῖ
598 774 638 827 τῆς
649 770 711 817 κατὰ
720 770 797 830 ψυχὴν
813 768 893 830 ἀρετῆς
904 769 968 831 πρώ-

223 855 279 898 της·
292 842 332 889 καὶ
351 846 401 896 πῶς
412 841 510 888 δυνατὸν
523 840 554 900 μὴ
568 844 735 901 μνησικακεῖν,
748 840 789 886 καὶ
801 838 837 885 ότι
846 839 916 894 πολύς
935 843 969 898 τῷ

223 915 277 971 θεῷ
288 916 329 958 τοῖν
343 910 416 969 νόμον
435 910 516 958 τούτου
527 909 610 967 λόγος,
623 910 662 956 καὶ
680 908 716 956 δτι
727 909 771 970 πρὸ
785 913 825 965 τῆς
839 909 929 968 γεέννης
942 909 969 956 τό

165 980 178 1017 ⁸
224 983 377 1042 μνησικακεῖν
390 979 481 1034 κολάζει
499 978 552 1032 τοὺς
570 977 682 1033 ἁλόντας·
694 978 733 1024 καὶ
753 978 804 1038 περὶ
818 982 858 1031 τῆς
870 983 915 1024 τῶν
929 978 968 1040 θρ-

223 1066 272 1097 κων
288 1048 393 1109 ἀποχῆς,
419 1048 527 1109 καὶπερὶ
549 1051 596 1094 τῶν
620 1049 652 1108 μη
673 1046 864 1109 κατωρθωκότων
883 1047 910 1093 τὸ
936 1048 967 1106 μὴ

224 1119 324 1182 ὀμνύειν.

232 1259 304 1335 Προς
317 1281 348 1315 το
366 1258 438 1321 celo:
451 1258 513 1333 ἧμιν
531 1259 578 1327 τῆς
597 1254 717 1326 νηστείας
737 1255 827 1315 λοιπδν
847 1259 861 1314 ό
881 1255 969 1334 καιρδς

195 1344 339 1421 ίπείγεται·
363 1345 452 1403 ούκούν
476 1343 522 1400 καί
545 1347 621 1418 ἡμεῖς
649 1343 713 1421 πρδς
736 1345 842 1403 πλείονα
866 1342 969 1409 ἑαυτοὺς

156 1447 176 1487 tt
195 1434 323 1507 ίπιδῶμιν
336 1431 439 1509 ἀρετήν.
478 1428 586 1507 Ὥσπερ
600 1428 650 1509 γὰρ
659 1430 730 1490 odeis
741 1429 830 1509 όρελος
839 1434 889 1488 τῶν
903 1433 968 1488 πολ-

195 1521 247 1578 λῶν
263 1516 375 1576 διαύλων
391 1525 444 1583 τοῖς
458 1518 612 1595 τρέχουσιν,
629 1518 659 1574 διν
678 1521 730 1574 τῶν
746 1516 874 1595 βραόείων
890 1516 967 1576 έκπέ·

195 1628 289 1665 οωσιν·
304 1604 384 1671 οὕτως
393 1604 450 1663 oili
462 1605 525 1675 ἡμῖν
543 1602 655 1662 ἔσταιτι
669 1604 757 1683 κέρδος
771 1602 824 1660 ἀπὸ
834 1607 885 1661 τῶν
904 1606 967 1661 πολ-

193 1704 245 1760 λῶν
260 1700 344 1758 πόνων
366 1699 410 1758 καί
423 1698 539 1776 ἱδρώτων
559 1701 610 1755 τῶν
625 1698 685 1777 περὶ
700 1696 747 1768 τὴν
760 1696 900 1772 νηστείαν,
921 1698 966 1755 ἐδιν

195 1787 232 1865 μὴ
260 1785 325 1863 μετίι
350 1790 465 1864 καθαροῦ
489 1785 631 1849 συνειδότος
654 1786 802 1858 δυνηθῶμεν
829 1788 875 1854 τῆς
899 1787 969 1863 ίερῖῖς

156 1891 180 1928 ιο
195 1877 341 1933 ἀπολαῦσαι
357 1874 498 1951 τραπέζης.
541 1870 591 1930 ard
606 1876 682 1928 τοῦτο
692 1869 799 1940 νηστεία
813 1871 967 1948 καίθτεσσα-

196 1960 309 2040 ρακοστὴ
319 2006 327 2032 ,
338 1961 383 2018 καί
396 1959 525 2018 τοσούτων
537 1960 640 2037 ἡμερῶν
658 1957 759 2024 σύναξις
773 1958 818 2016 καί
833 1959 967 2036 ἀκρόασις,

194 2049 238 2108 καί
253 2048 327 2126 εὐχαί
341 2046 385 2105 καί
404 2046 582 2116 διδασκαλίαι,
596 2044 639 2102 ίνα
654 2045 731 2103 παντί
746 2046 836 2124 τρόπῳ
851 2047 883 2100 cd
895 2044 968 2120 παρὰ

194 2135 280 2194 πάντα
303 2134 346 2192 τόν
363 2132 479 2191 ἐνιαυτὸν
501 2137 564 2206 ἡμῖν
586 2131 765 2208 ἁμαρτήματα
779 2130 967 2210 προστριόέντα

195 2220 237 2279 til
248 2225 293 2292 τῆς
307 2221 420 2290 σπουδῆς
433 2219 530 2290 ταύτης
544 2217 774 2293 ἀποομηξάμενοι,
789 2216 855 2291 μετά
866 2220 970 2296 παρρη·

154 2331 182 2371 20
195 2310 252 2375 σίας
265 2314 311 2381 τῆς
323 2312 498 2381 πνευματικῆς
517 2306 613 2377 ἐκείνης
628 2308 799 2385 μετάσχοιμεν
819 2306 921 2370 θυσίας·
934 2308 969 2372 ὡς

195 2395 225 2453 διν
241 2395 278 2469 μὴ
298 2402 374 2454 τοῦτο
392 2386 423 2470 ᾖ,
438 2396 524 2468 μάτην
538 2395 583 2450 καί
604 2399 660 2470 εἰκῇ
675 2393 719 2461 καί
738 2396 779 2451 ἐπ’
804 2393 886 2450 οὐδενί
901 2415 968 2471 χρη-

195 2480 264 2559 σίμῳ
276 2482 319 2539 τὀν
333 2485 454 2539 τοσοῦτον
469 2481 618 2554 ὑπέστημεν
630 2478 720 2538 πόνον.
761 2476 895 2544 Ἕκαστος
909 2478 967 2537 τοί-

193 2591 237 2625 νυν
249 2567 438 2645 ἀναλογιζέσθω
456 2568 519 2643 παρ’
533 2569 633 2644 ἑαυτῷ,
651 2567 722 2623 ποῖον
737 2566 875 2641 ἐλάττωμα
890 2565 968 2645 διῶρ-

195 2659 278 2726 θωσε,
313 2663 387 2713 ποῖον
430 2652 588 2730 κατόρθωμα
634 2643 851 2730 προσεκτήσατο,
892 2653 967 2711 ποίαν

155 2762 181 2801 tt
195 2740 326 2819 ἁμαρτίαν
342 2740 502 2811 ἀπεύάλετο,
518 2738 595 2797 ποίαν
610 2740 704 2808 κηλῖδα
719 2741 879 2818 ἀπενίψατο,
900 2738 968 2795 rael

194 2828 220 2886 τί
235 2828 342 2907 βελτίων
365 2828 480 2901 ἐγένετο·
495 2824 544 2884 κᾶν
559 2825 606 2899 μὲν
621 2823 683 2905 εθρη
702 2826 778 2883 πλέον
794 2848 819 2882 τι
833 2825 968 2901 γενόμενον

196 2919 247 2974 ἀπὸ
263 2920 308 2987 τῆς
320 2913 440 2987 νηστείας
454 2915 524 2990 αύτῷ
538 2911 601 2989 πρδς
615 2910 662 2981 τὴν
675 2912 758 2980 καλὴν
772 2910 868 2981 ταύτην
884 2914 968 2986 ίμπο-

196 3003 269 3081 ρίαν,
293 3001 338 3060 καί
364 3002 467 3078 συνειδῇ
489 3001 590 3068 πολλὴν
617 3002 702 3076 ἑαυτῷ
731 2997 898 3076 πεποιημένῳ
917 3002 967 3055 τῶν

194 3088 352 3167 τραυμάτων
367 3085 414 3157 την
432 3086 596 3162 ἐπιμέλειαν,
608 3082 807 3162 προοερχέσθιο·
821 3087 843 3141 εί
861 3085 888 3141 δὲ
903 3087 968 3153 ἠμε-

155 3193 182 3233 to
196 3175 306 3249 λημένος
321 3174 423 3250 ἔμεινε,
444 3172 565 3244 νηστείαν
584 3173 661 3246 μόνον
685 3172 752 3250 ἔχων
775 3170 967 3244 ἐπιδείξασθαι,

195 3268 247 3320 τῶν
262 3262 289 3319 δέ
305 3261 390 3318 ἄλλων
409 3259 480 3318 οὐδέν
503 3256 697 3337 κατωρθωκὼς,
719 3259 768 3325 ἔξω
791 3258 905 3333 μενέτω,
921 3258 965 3314 καὶ

196 3348 255 3405 τότε
273 3346 377 3416 εἰσίτω,
393 3344 454 3404 ὅταν
469 3347 572 3403 ἅπαντα
587 3344 717 3421 ἐκκαθάρῃ
729 3343 762 3401 τδι
777 3344 966 3421 ἁμαρτήματα,

195 3435 248 3493 Τόν
263 3433 310 3508 μίν
325 3432 375 3512 γδρ
390 3434 428 3509 μὴ
448 3430 604 3503 νηστεύοντα
617 3430 683 3495 εἷκδς
697 3430 741 3488 καί
756 3431 907 3510 συγγνώμης
925 3456 969 3489 τυ-

196 3530 268 3600 χεῖν,
286 3521 407 3596 σώματος
430 3519 564 3578 ἀσθένειαν
578 3517 804 3596 προθαλλόμενον,
820 3521 862 3576 τόν
886 3519 913 3578 δὲ
931 3520 967 3594 μὴ

155 3626 182 3667 ti
197 3607 372 3685 διορθώσοντα
400 3609 493 3664 ἑαυτοῦ
521 3604 555 3664 τδι
578 3604 811 3680 πλημμελήματα,
833 3604 968 3681 ἀμήχανον

196 3696 338 3774 ἀπολογίας
350 3699 449 3774 τυχεῖν.
491 3693 549 3753 Οὐκ
563 3693 719 3764 ίνήοτευσας
731 3692 773 3749 διδ
787 3691 835 3761 τὴν
847 3696 895 3761 τῆς
907 3714 969 3768 cop·

196 3783 240 3851 κδς
255 3783 405 3845 ἀσθένειαν·
418 3783 472 3849 τοῖς
482 3785 583 3861 ἐχθροῖς
596 3804 641 3838 σου
655 3780 721 3846 τίνος
731 3778 815 3837 ένεκεν
827 3780 856 3837 ού
872 3782 969 3848 κατηλ-

196 3873 293 3947 λάγης,
308 3873 365 3931 εῑπί
380 3889 440 3946 μοι;
456 3868 493 3946 μὴ
513 3869 558 3927 καί
572 3871 681 3926 ἐνταῦθα
703 3866 835 3924 ἀσθένειαν
851 3863 969 3941 σώματος

196 3959 373 4037 προόαλέοθαι
387 3959 471 4036 ίχεις;
494 3955 578 4015 Πάλιν
600 3953 631 4012 ἀν
653 3953 797 4033 βασκανίαν
815 3953 860 4011 καί
881 3954 970 4030 ρθόνον

156 4065 184 4105 to
198 4045 275 4124 μένης
289 4044 375 4124 έχων,
394 4044 472 4103 ποίαν
497 4042 560 4111 ἕξεις
575 4040 716 4116 ἀπολογίαν
736 4045 834 4110 εἰπεῖν;
857 4042 969 4114 οὐδαμοῦ

196 4131 246 4210 γὰρ
258 4135 284 4190 ἐν
294 4130 392 4197 τούτοις
400 4139 453 4195 τοῖς
464 4128 647 4204 ι’λαττώμασιν
657 4127 700 4185 ἐπί
710 4126 829 4201 σώματος
840 4126 970 4184 ἀσθένειαν

196 4217 251 4277 ἔστι
264 4222 430 4297 καταφυγεῖν.
473 4217 528 4276 Καὶ
542 4221 618 4274 τούτο
633 4218 679 4283 τῆς
690 4218 735 4273 τού
745 4217 816 4272 Θεοῦ
825 4214 971 4293 φιλανθρω-

196 4304 258 4371 πίας
287 4305 360 4385 ίργον
381 4306 499 4381 ἐγένετο,
513 4304 543 4362 τὸ
564 4303 610 4369 τὰς
621 4301 782 4380 κυριωτάτας
795 4306 847 4360 τῶν
864 4302 971 4358 ἐντολῶν

197 4391 242 4449 καί
265 4390 422 4470 συνεχοθσας
435 4394 510 4466 ἡμῶν
531 4390 578 4461 τὴν
597 4388 665 4459 ζωὴν
680 4387 761 4465 μηδὲν
784 4387 837 4446 ἀπὸ
857 4391 903 4457 τῆς
925 4392 971 4444 τού

157 4497 184 4540 τε
197 4477 318 4553 σώματος
333 4478 463 4543 ἀσθενείας
475 4476 721 4556 παραόλάπτεσθαι.
764 4474 841 4535 Ἐπεί
851 4465 894 4532 οὖν
906 4473 973 4531 πάν·

196 4587 249 4624 των
264 4563 310 4642 μίν
330 4564 424 4639 δμοίως
442 4563 552 4639 δεόμεθα
569 4567 620 4622 τῶν
642 4567 718 4643 ἱερῶν
734 4562 841 4641 νόμων,
857 4563 972 4638 μάλιστα

197 4653 225 4711 δὲ
246 4652 351 4710 πάντων
365 4655 410 4709 τοῦ
431 4650 578 4717 κελεύοντος
592 4651 691 4727 μηδένα
705 4650 773 4729 ἔχειν
786 4650 890 4728 ἐχθρόν,
906 4650 972 4725 μηδὲ

198 4739 285 4815 μένειν
309 4737 473 4818 ἀργιζόμενον
497 4739 633 4809 διηνεκῶς,
656 4737 724 4796 ἀλλὰ
749 4737 973 4797 καταλλάττεσθαι

199 4827 306 4898 εὐθέως,
322 4828 383 4904 φέρι
398 4824 458 4904 περὶ
472 4824 568 4893 ταύτης
586 4827 646 4897 ὑμῖν
660 4825 839 4901 διαλεχθῶμεν
859 4823 971 4902 στ’,μερον

158 4936 186 4975 ιο
199 4919 246 4984 τῆς
267 4915 380 4983 ἐντολῆς.
421 4909 529 4988 Ὥσπερ
551 4909 600 4989 γδρ
623 4912 666 4969 τδν
687 4910 844 4990 πορνεύοντα
863 4910 908 4967 καί
929 4910 972 4965 τὸν

201 5003 406 5081 βλασρημοῶντα
422 5000 560 5075 ἀμήχανον
579 5006 717 5075 μετασχεῖν
735 5002 781 5068 τῆς
794 5001 864 5074 ἱερᾶς
877 4995 972 5075 τραπέ-

200 5092 258 5156 ζης,
274 5086 341 5145 οθτω
354 5086 396 5144 τόν
410 5083 500 5164 ἐχθρόν
516 5083 609 5160 ίχοντα
624 5084 667 5141 καί
680 5091 887 5160 μνησικακοῦντα
902 5081 973 5157 ἀμή-

201 5197 280 5262 χανον
296 5176 445 5234 ἀπολαῦσαι
460 5171 593 5236 κοινωνίας
605 5168 694 5247 θγίας·
710 5173 754 5231 καὶ
771 5173 843 5249 μάλα
856 5171 970 5234 εἰκότως.

1659 415 1775 492 (μησεν)

1277 543 1440 605 nourrii
1460 546 1525 605 XX.

1014 717 1081 770 Quod
1097 718 1146 762 solo
1164 717 1347 773 quadragesimali
1362 718 1451 771 jejunio
1466 728 1512 761 non
1530 718 1583 761 satir
1593 729 1739 773 preparemur
1752 718 1777 762 ad

1040 788 1239 837 communionem,
1254 789 1291 832 sed
1300 789 1393 842 opressit
1406 788 1474 831 animi
1486 788 1571 831 rirmtc
1580 806 1586 838 ς
1596 794 1620 831 ct
1629 788 1667 842 qul
1679 789 1723 831 lieri
1732 801 1776 843 poc·

1041 857 1080 908 sit,
1093 861 1118 900 ιιι
1135 857 1270 909 injuriarum
1297 858 1428 901 memoriam
1445 856 1596 912 deponamus,
1616 857 1715 911 quodum
1727 860 1778 900 lleur

1041 924 1110 976 hujus
1121 924 1174 978 legis
1187 937 1290 980 magnam
1303 925 1382 969 lrabeat
1397 926 1507 969 rationem
1522 940 1528 965 ε
1542 931 1565 969 et
1581 925 1643 979 quod
1654 926 1778 978 injuriarum

1041 994 1149 1037 memoria
1162 994 1265 1036 homines
1277 994 1344 1037 eliam
1357 997 1410 1038 ante
1421 993 1546 1047 gelienmm
1559 994 1646 1037 cruciet
1661 998 1779 1048 :postrcrno

1040 1061 1176 1105 devitandis
1192 1063 1341 1115 iuramentis.
1351 1065 1412 1106 etde
1430 1062 1471 1115 lis,
1485 1063 1524 1117 qul
1538 1063 1642 1107 nondum
1659 1073 1682 1106 sc
1694 1063 1722 1106 ita
1732 1073 1777 1106 cor·

1041 1133 1154 1186 rexerint,
1163 1136 1190 1176 nt
1203 1143 1250 1177 non
1259 1132 1353 1188 amplius
1361 1134 1449 1187 iurent.

1048 1292 1069 1337 t.
1087 1287 1122 1336 Ad
1145 1287 1217 1337 linem
1230 1288 1313 1350 jejunii
1327 1289 1377 1350 iarn
1396 1293 1489 1350 tempus
1504 1286 1647 1350 deproperat
1661 1307 1668 1336 ι
1680 1288 1778 1348 quareet

1015 1408 1059 1444 nos
1074 1395 1158 1457 majori
1169 1395 1250 1444 studio
1261 1395 1344 1445 virtuti
1356 1408 1454 1457 operam
1465 1394 1567 1456 demus;
1579 1399 1606 1443 ut
1617 1396 1678 1443 enim
1691 1406 1779 1442 curren·

1016 1500 1079 1549 tibus
1091 1499 1167 1549 mulla
1179 1499 1257 1549 stadia
1268 1501 1372 1549 emensis
1388 1498 1446 1548 nillil
1460 1498 1535 1557 lucri,
1547 1499 1568 1547 si
1584 1510 1598 1546 a
1614 1497 1709 1560 praemio
1720 1496 1778 1546 esci-

1015 1606 1076 1653 dnnl
1087 1618 1094 1653 τ
1104 1605 1137 1653 ita
1149 1617 1193 1654 nec
1201 1605 1270 1654 nobis
1279 1605 1409 1667 quicquam
1416 1605 1462 1654 erit
1470 1605 1529 1653 lucri
1540 1617 1572 1653 er
1581 1603 1663 1652 multis
1672 1601 1781 1652 labuntur

1014 1713 1039 1761 et
1052 1711 1179 1761 sudoribus
1193 1712 1283 1773 jejunio
1303 1712 1430 1773 insumtis,
1442 1712 1487 1761 nisi
1504 1725 1562 1761 cum
1574 1726 1633 1775 pura
1647 1710 1779 1761 muscicollr

1014 1831 1079 1867 sacra
1098 1831 1180 1868 mensa
1200 1818 1244 1867 imi
1259 1831 1393 1881 possumus.
1425 1818 1464 1867 Ob
1483 1819 1529 1868 hoc
1545 1820 1611 1869 euim
1632 1819 1742 1896 ieiunium
1758 1818 1781 1867 ct

1015 1923 1197 1986 quadragesima
1214 1930 1239 1975 et
1255 1927 1291 1975 lot
1305 1925 1398 1975 dierum
1412 1939 1530 1988 synaxes,
1546 1926 1694 1986 auditiones,
1706 1937 1779 1988 precer

1014 2029 1039 2076 et
1057 2026 1171 2076 doctrinm
1184 2030 1302 2090 srrscepim
1321 2033 1394 2089 sunl,
1409 2032 1437 2079 ut
1449 2030 1564 2079 abstersis
1579 2030 1717 2089 sceleribus,
1729 2042 1777 2090 ηοω

1014 2130 1084 2179 nobis
1098 2143 1140 2192 per
1151 2133 1228 2180 totum
1243 2132 1306 2181 lurnc
1317 2144 1406 2181 anunm
1421 2147 1577 2197 quocumque
1589 2134 1661 2184 modo
1672 2134 1732 2184 allila
1746 2133 1779 2182 ir·

1015 2229 1149 2286 inerserunt,
1160 2241 1215 2278 eum
1225 2228 1311 2278 fiducia
1323 2230 1452 2292 spiritualis
1461 2230 1534 2291 liujus
1546 2231 1653 2281 sacrificii
1666 2231 1779 2293 participes

1014 2327 1170 2376 efficeremur.
1203 2328 1265 2385 Quia
1277 2329 1320 2378 uisi
1333 2329 1355 2377 id
1372 2343 1537 2392 assequamur,
1553 2333 1645 2381 temere
1661 2331 1781 2391 frustraque

1014 2432 1039 2479 et
1054 2443 1109 2478 curn
1120 2431 1185 2479 nulla
1199 2432 1301 2481 ulilitate
1320 2434 1399 2481 tantos
1410 2432 1508 2481 labores
1518 2433 1702 2482 enuntiavimus.
1717 2433 1779 2490 Quis·

1014 2543 1061 2591 qne
1081 2531 1152 2591 igitur
1170 2545 1252 2581 secum
1275 2534 1383 2594 reputet,
1406 2547 1477 2596 quem
1503 2534 1627 2584 deiectum
1651 2533 1780 2593 munierit,

1014 2640 1087 2688 quarn
1098 2628 1213 2676 virtulem
1232 2628 1399 2689 acquisiverit,
1414 2629 1477 2690 quod
1493 2636 1618 2692 peccatum
1635 2629 1773 2691 deposuerit,

1014 2738 1086 2785 quern
1102 2738 1200 2774 nevum
1213 2724 1311 2784 eluerit,
1322 2739 1370 2787 qua
1382 2726 1405 2774 in
1419 2739 1444 2775 re
1456 2727 1539 2776 melior
1553 2729 1631 2777 lactus
1641 2728 1672 2776 sit
1684 2747 1691 2776 ι
1701 2723 1776 2788 quodsi

1015 2826 1131 2875 invenerit
1156 2827 1268 2887 pulcinos
1281 2827 1340 2875 istas
1360 2841 1452 2877 merces
1466 2828 1510 2877 sibi
1525 2842 1556 2878 ex
1575 2829 1664 2891 ieiunio
1677 2828 1779 2877 adauctas

1015 2940 1081 2988 esse,
1103 2934 1229 2987 certusque
1251 2928 1283 2976 sit
1302 2929 1429 2990 plurimam
1450 2943 1476 2978 se
1496 2930 1636 2979 vulneribus
1656 2926 1778 2977 adhibuisse

1014 3038 1113 3085 curam,
1126 3027 1231 3073 aceerlnt.
1265 3026 1354 3082 Quodsi
1368 3027 1485 3087 negligens
1497 3026 1632 3088 destiterit,
1642 3027 1716 3076 solum
1726 3023 1779 3086 irin·

1014 3122 1081 3169 nium
1100 3120 1191 3169 liabens
1206 3121 1269 3182 quod
1282 3125 1426 3179 ostentaret,
1443 3135 1487 3169 nec
1500 3123 1524 3169 iu
1541 3123 1598 3170 ullis
1612 3123 1663 3170 aliis
1677 3121 1741 3169 rebus
1755 3130 1777 3166 ιο

1014 3217 1186 3279 castigatiorem
1208 3217 1297 3265 lactum
1320 3215 1421 3278 probare.
1438 3215 1543 3277 poterit,
1565 3217 1621 3265 ioris
1640 3219 1740 3272 maneat,
1753 3224 1778 3261 ac

1017 3320 1069 3368 lum
1089 3318 1203 3378 introeat,
1218 3331 1273 3366 cum
1291 3330 1317 3366 se
1342 3317 1374 3365 ab
1394 3315 1504 3365 omuibus
1523 3319 1627 3377 peccatis
1646 3313 1778 3376 expurgarit.

1017 3419 1061 3466 Fas
1074 3417 1137 3466 enim
1150 3419 1187 3466 est
1203 3430 1259 3466 cum
1276 3416 1318 3478 qui
1334 3415 1550 3477 nonjejunarerit,
1566 3417 1658 3465 reniam
1669 3409 1778 3473 consequi,

1015 3513 1111 3575 qnando
1123 3515 1230 3574 corporis
1249 3513 1436 3562 imbecilitatem
1457 3515 1572 3572 excuset;
1584 3514 1604 3561 is
1618 3525 1672 3560 vcro
1684 3510 1722 3571 qui
1734 3519 1775 3556 rou

1015 3611 1165 3673 castigaverit
1179 3611 1266 3659 delicta
1277 3623 1333 3670 sua,
1349 3608 1495 3672 impossibile
1506 3611 1544 3658 est
1566 3615 1593 3658 ut
1611 3608 1682 3657 ullam
1694 3605 1775 3654 reniam

1016 3713 1175 3763 nanciscatur.
1206 3713 1259 3760 lion
1270 3709 1380 3771 iejrrnasti
1395 3708 1427 3757 ob
1441 3708 1548 3769 corporis
1564 3707 1718 3757 infirmitatem
1723 3719 1730 3763 ;
1741 3700 1776 3751 sel

1015 3810 1053 3859 dic
1072 3809 1145 3868 milri,
1159 3820 1202 3856 cur
1219 3806 1320 3854 inimicis
1334 3807 1380 3854 tuis
1405 3804 1574 3854 reconciliatus
1587 3805 1726 3852 normico
1744 3798 1776 3845 lrlc

1017 3908 1089 3955 habes
1105 3906 1168 3954 unde
1192 3905 1324 3966 proetendas
1340 3904 1444 3967 corporis
1458 3903 1638 3952 infirmitatem?
1653 3904 1746 3951 Rursum
1757 3896 1775 3943 ri

1016 4002 1097 4051 odium
1110 4000 1273 4062 invidiamque
1290 4001 1408 4060 retineas,
1422 3997 1480 4061 quid
1501 4000 1579 4060 possis
1589 3994 1738 4047 ercrrsalionis
1747 3992 1776 4039 al·

1017 4099 1110 4159 legare?
1122 4111 1243 4159 nusquam
1255 4096 1319 4146 enim
1331 4097 1356 4146 iu
1372 4096 1506 4145 istiusmodi
1525 4096 1620 4146 delictis
1636 4094 1665 4143 ad
1682 4089 1774 4152 corporis

1016 4196 1202 4245 imbecillitatem
1214 4195 1339 4255 coningere
1348 4194 1412 4244 lioel.
1422 4197 1500 4255 atque
1509 4193 1533 4242 id
1546 4194 1618 4241 divini
1630 4191 1652 4240 in
1668 4188 1775 4239 lrorninent

1016 4291 1104 4338 amoris
1113 4302 1174 4351 opus
1183 4291 1229 4351 est,
1238 4288 1301 4352 quod
1311 4290 1429 4351 praecipua
1436 4293 1461 4337 et
1472 4288 1547 4336 rium
1555 4291 1658 4336 nostram
1666 4281 1775 4331 contineu-

1017 4389 1050 4437 tia
1062 4392 1178 4450 praecepta
1186 4388 1244 4437 nihil
1256 4401 1270 4435 a
1280 4387 1386 4448 corporis
1394 4385 1531 4435 infirmitate
1543 4384 1666 4432 laedantur.
1677 4381 1774 4428 cneum

1019 4485 1132 4546 quoniam
1146 4484 1256 4533 omnibus
1273 4483 1370 4544 quidem
1383 4494 1453 4543 πηνα
1466 4481 1538 4529 sacris
1549 4479 1637 4541 legibus
1646 4474 1772 4534 indigenis

1018 4578 1058 4627 seri
1074 4577 1181 4639 inprimis
1193 4577 1242 4638 illa,
1253 4590 1309 4639 qum
1323 4575 1441 4625 interdicit
1450 4574 1586 4623 iuimicitias
1596 4573 1723 4630 irarumque
1731 4575 1775 4624 για·

1019 4675 1169 4736 petuitalem,
1196 4672 1409 4722 reconciliationem
1433 4671 1513 4721 atatim
1536 4668 1584 4717 lieri
1604 4666 1700 4728 jubens,
1723 4668 1772 4719 τιτι

1018 4773 1048 4821 de
1060 4773 1105 4820 lroc
1118 4773 1236 4832 praecepto
1251 4782 1315 4819 nunc
1327 4768 1486 4830 inpraesentia
1498 4766 1651 4828 disputemus.
1680 4754 1773 4808 illenim

1019 4869 1175 4919 tornicantem
1204 4866 1456 4929 blasplremautemque
1482 4861 1627 4926 impossibile
1650 4859 1685 4906 est
1708 4859 1771 4900 stati

1019 4979 1109 5015 menam
1121 4964 1258 5029 participem
1272 4963 1331 5021 deri,
1343 4964 1375 5011 ita
1383 4962 1403 5010 is
1411 4974 1507 5023 qnoque
1520 4959 1561 5022 qui
1575 4953 1700 5006 inimicitias
1709 4946 1771 5000 torel,

1021 5075 1063 5120 aut
1077 5069 1101 5118 in
1115 5068 1150 5117 ira
1172 5067 1280 5130 pertinax
1298 5070 1350 5126 est,
1372 5065 1470 5113 omnino
1483 5076 1532 5112 non
1551 5061 1626 5123 potest
1643 5055 1684 5104 lrui
1702 5048 1772 5098 simil

1020 5174 1201 5234 communione;
1214 5184 1290 5236 neque
1302 5170 1325 5220 id
1340 5169 1468 5220 immerito.
1501 5166 1547 5228 Qui
1555 5165 1616 5215 enim
1627 5154 1771 5211 meretricius
