3892 5867
165 460 220 513 ἐθδ

674 438 728 498 ΑΙ)
754 430 938 497 POPULUM
957 429 1240 492 introeuntium

1672 428 1761 506 (ονε)

162 580 196 640 τά
210 579 338 660 φάρμακα
351 578 451 655 εθρεῖν,
463 571 507 632 καὶ
521 570 600 651 χωρὶς
612 567 703 641 ὀδύνης
714 566 780 634 τινδς
789 569 824 633 εἰς
838 562 934 643 ύγίειαν
980 570 1032 620 nire
1045 572 1202 632 remedtn,et
1221 583 1275 620 eam
1297 568 1389 631 absque
1405 568 1488 618 dolore
1509 567 1559 616 utto
1580 565 1613 616 ad
1627 566 1760 617 sanitatem

164 669 246 737 αὐτὴν
271 664 454 741 ἐπαναγαγεῖν.
499 659 547 732 Μὴ
568 657 651 716 τοίνυν
673 659 822 733 ἀμελῶμεν.
866 650 936 713 Ποία

982 672 1117 722 reducere:
1133 668 1165 722 n'e
1185 672 1255 733 igitur
1271 670 1424 733 negligamus.
1457 669 1517 727 Quis
1535 668 1615 727 eninr,
1627 667 1667 717 dic
1680 668 1758 723 mibi,

164 755 213 832 Υἰθ
228 751 323 820 ὀδύνην
343 749 399 809 Εἰπέ
414 771 473 825 μων
494 745 572 826 &tibi
588 747 690 823 ἀθεῖναῑ
710 748 747 821 τῷ
761 740 935 812 λελυπηκόῗῑῖ
981 771 1059 832 doior,
1075 773 1135 822 irarn
1149 772 1298 823 contristanti
1309 772 1446 821 remittere?
1457 770 1529 820 butor
1538 771 1636 833 quidem
1649 773 1687 820 est
1697 772 1762 832 iniu-

164 841 262 912 Ὅδύνη
275 838 323 916 μὲν
334 829 379 896 οῦν
392 839 446 894 ἐστι
458 833 488 892 τδ
498 841 667 909 μνησικακεῖν
683 831 727 889 καί
739 829 776 907 μθ,
790 829 937 887 καταλλάτ-

138 936 265 991 οτεσθαι.
308 928 388 991 Ποῖος
414 923 489 986 πόνος
507 920 628 988 εὔξασθαι
653 920 697 977 καί
723 919 829 988 αἰτῆσαι
858 913 937 989 μυρία

165 1016 250 1092 ἀγαθά
264 1012 337 1090 παρδι
356 1015 399 1067 τοῦ
416 1006 553 1086 προθύμως
563 1006 672 1072 διδόντος
687 1006 770 1075 Θεοῦς
782 1009 852 1068 ποῖος
863 1025 939 1067 πονος

166 1102 203 1176 μὴ
219 1102 305 1163 κακῶς
318 1099 399 1154 εἰπεῖν
413 1093 530 1172 μηδένας
545 1091 608 1149 ποία
622 1091 742 1149 δυσκολία
755 1090 940 1164 ἀπαλλαγῆναι

167 1186 260 1266 φθόνου
274 1186 318 1243 καὶ
335 1181 493 1261 βασκανίαςς
509 1187 581 1244 ποῖος
593 1178 689 1256 μόχθος
700 1181 804 1254 ἀγαπᾷν
815 1176 859 1232 τδν
874 1177 941 1245 πλη-

164 1275 234 1346 σίονς
249 1274 312 1332 ποία
325 1269 491 1347 ταλαιπωρία
501 1268 537 1343 μὴ
548 1266 701 1347 φθέγγεσθαι
714 1263 809 1343 αἰσχρά
821 1262 938 1343 ῥήματα,

984 867 1074 916 riarum
1088 866 1248 927 meminisse,
1262 871 1286 915 et
1297 878 1344 915 uon
1358 865 1485 915 conciliari.
1518 866 1578 922 Quis
1592 865 1658 914 tabor
1672 878 1760 925 οτετε,

892 1000 899 1021 ν
983 969 1008 1017 et
1024 979 1038 1016 a
1054 969 1105 1016 Deo
1121 969 1216 1029 promte
1228 967 1349 1030 prebente
1363 966 1487 1015 innumere
1506 965 1568 1015 bona
1589 970 1689 1027 petere?
1703 966 1761 1028 quis

984 1066 1051 1115 tabor
1073 1065 1199 1116 detrahere
1219 1065 1327 1115 nemini?
1350 1078 1405 1128 quae
1426 1064 1554 1113 difficultas
1569 1065 1601 1113 ab
1623 1063 1715 1113 inuidia
1736 1071 1762 1113 et

984 1167 1059 1217 tinore
1074 1167 1187 1217 liberari?
1208 1180 1264 1230 quse
1289 1167 1399 1217 molestia
1416 1167 1552 1230 proximum
1572 1166 1688 1225 diligere?
1705 1148 1766 1228 ησέ

984 1279 1093 1316 erumna
1104 1280 1153 1317 nou
1162 1268 1242 1330 turpia
1255 1268 1327 1318 rerba
1338 1268 1419 1330 ioqui,
1432 1280 1481 1317 non
1494 1266 1648 1325 convicium,
1661 1279 1712 1315 nnn
1724 1266 1763 1315 in·

128 1383 153 1423 ¹⁰
168 1361 234 1438 μηδέ
250 1360 378 1439 ὓὸρῖἰῑῑνῖ
394 1360 467 1422 ποῖῠε
480 1355 598 1429 κάματος
614 1352 650 1430 μθ
662 1351 783 1428 dimit&
797 1352 875 1410 πᾶἰῑν
890 1349 940 1426 iffi?
982 1367 1071 1429 jurium
1082 1368 1184 1418 interret
1195 1381 1251 1429 qum
1263 1368 1369 1429 rangario
1381 1381 1428 1417 uon
1438 1368 1537 1430 jurare?
1550 1379 1646 1415 rursum
1656 1366 1722 1414 enim
1732 1364 1764 1413 nd

166 1449 210 1508 ἐπὶ
223 1448 270 1518 ibi
284 1444 428 1516 educito
442 1443 605 1521 ““t“‘”‘⁰‘i·
649 1439 731 1505 fldwi
746 1437 793 1515 μὲν
807 1428 851 1495 ⁰3*
866 1437 939 1511 ptp·
985 1466 1093 1516 eamdem
1111 1466 1235 1516 deveniam
1251 1465 1449 1515 admonitionem.
1482 1468 1534 1515 imo
1553 1463 1621 1513 tabor
1639 1461 1764 1511 maximus

167 1535 265 1601 στοςτθ
279 1534 390 1610 ὀμόσαι·
411 1529 537 1593 πολλάκις
558 1532 618 1604 γοῦν
637 1526 687 1584 ὑπὸ
702 1530 783 1602 θυμοῦ
801 1523 845 1582 καί
864 1524 942 1602 ὀργῆς

167 1620 337 1699 κατεχόμενοι
352 1613 640 1692 ἀιωμοσάμεθαμηδενί
655 1611 816 1679 διαλέξεσθαι
831 1614 882 1669 τῶν
897 1612 943 1716 ir:
986 1664 1066 1712 vimus
1091 1663 1150 1713 num
1177 1675 1293 1725 umquam
1318 1660 1482 1711 infestantium
1510 1673 1561 1709 m
1582 1660 1765 1718 collocutum

166 1705 338 1777 λοπηκότοίν,
355 1694 412 1760 εἶτα
428 1707 474 1772 τῆς
488 1704 566 1779 ὀργῆς
578 1700 729 1770 σόεοθείσης
741 1699 787 1758 καί
800 1702 844 1758 τοῦ
860 1703 941 1773 θυμου

129 1816 154 1854 ts
167 1791 356 1873 χαλασθέντος,
371 1788 537 1867 βουληθέντες
551 1789 760 1863 καταλλαγῆναι,
777 1784 822 1843 καί
836 1784 887 1844 ὑπὸ
897 1787 942 1854 τῆς

168 1883 284 1956 ἀνάγκης
304 1878 475 1957 κατεχόμενοι
493 1880 544 1934 τῶν
559 1876 655 1956 ὀρκοιν,
676 1874 828 1952 ἠλγόοαμεν
853 1872 942 1951 ὥσπερ

169 1967 219 2026 τινί
234 1965 325 2044 παγίδι
344 1963 516 2041 κατεχόμενοι
529 1962 574 2020 καί
592 1965 694 2038 δεσμοῖς
709 1962 810 2027 ἀλύτοις
825 1962 942 2020 συνδεδε·

168 2054 250 2130 μένοι.
290 2050 379 2128 Ὅπερ
401 2051 446 2108 καὶ
468 2054 483 2109 δ
510 2050 629 2115 διάόολος
653 2051 743 2121 εἰδὼς,
764 2050 809 2106 καί
829 2047 943 2126 οἰκριόῶς

169 2138 340 2213 ἐπιστάμενος
352 2136 393 2194 ότι
406 2142 458 2215 πῦρ
472 2140 541 2195 ἐστιν
555 2141 568 2194 θ
580 2136 659 2212 θυμὸς
670 2136 714 2193 καλ
730 2135 825 2215 ῥᾳδίως
839 2134 944 2194 σ6έννυ·

130 2246 157 2285 νο
169 2250 228 2298 ται,
243 2224 287 2283 καί
297 2230 340 2284 τοῦ
352 2230 432 2300 θυμοῦ
442 2223 610 2294 οόεσθέντος,
623 2223 775 2300 καταλλαγὴ
787 2223 886 2300 γίνεται
898 2223 943 2282 καί

171 2313 261 2392 φιλία,
287 2312 440 2389 βουλόμενος
462 2310 492 2368 τὸ
515 2314 568 2386 πῦρ
594 2314 669 2369 τοῦτο
692 2310 776 2387 μένειν
800 2310 943 2384 ἀσόεστον,

169 2400 238 2478 ὀρκιρ
252 2398 377 2465 πολλάκις
387 2402 456 2474 ἡμᾶς
469 2395 625 2467 κατέδησεν,
637 2395 679 2453 ἵνα
687 2442 694 2469 ,
703 2396 776 2467 κδινί,
790 2398 852 2477 ὀργί,
864 2397 941 2477 λήξῃ,

169 2494 186 2561 ἡ
204 2488 304 2567 ἀνάγκη
320 2493 365 2545 τοῦ
383 2485 460 2566 ὅρκου
476 2485 590 2562 μένουσα
610 2487 720 2563 διατηρῇ
740 2483 787 2553 τὴν
813 2483 897 2564 πυράν
916 2486 942 2541 ἰν

171 2578 252 2649 ἡμῖν,
276 2574 322 2632 καί
341 2575 407 2632 δυοῖν
428 2572 533 2651 θάτερον
555 2571 676 2649 γένηται,
702 2570 720 2642 ἢ
741 2573 944 2651 καταλλαγέντες

131 2678 157 2716 τι
171 2662 382 2739 ἐπεορκῆσωμεν,
407 2659 424 2729 ἢ
446 2660 482 2735 μὴ
505 2659 712 2736 καταλλαγέντες
734 2666 785 2726 τοῖς
812 2663 858 2730 τῆς
876 2684 944 2735 μνη·

172 2747 292 2814 σικακίας
303 2745 440 2823 ἐπιτιμίοις
450 2748 603 2812 ὑπευθύνους
614 2746 819 2823 καταστήσωμεν
829 2748 944 2813 ἑαυτούς.

210 2834 291 2893 Ταῦτ’
302 2824 346 2891 οῦν
361 2831 455 2898 εἰδότες
468 2832 604 2912 φεύγωμεν
618 2832 676 2900 τοὺς
690 2833 798 2911 όρκους,
814 2834 858 2892 καί
868 2839 945 2911 μελε·

170 2921 241 2980 πάτον
255 2920 285 2979 τὸ
300 2919 384 2997 στόμα
406 2923 481 2998 ἡμῶν
496 2919 580 2998 λέγειν
595 2947 607 2972 s
624 2921 769 2980 Πίστευσον
787 2948 799 2974 ι
815 2927 945 3001 συνεχῶς·

171 3006 216 3066 καί
243 3005 317 3065 ἔσται
341 3014 418 3066 τοῦτο
447 3006 532 3078 πάσης
558 3004 695 3074 εύλαόείας
725 3010 790 3084 ἡμῖν
816 3010 944 3077 ὑπόθεσις.

108 3088 112 3097 ’
131 3119 158 3159 au
172 3098 282 3155 Γλῶττοι
294 3093 345 3174 γάρ
360 3096 527 3153 παιδευθεῖσα
541 3099 617 3152 τοῦτο
635 3095 718 3171 λέγειν
733 3094 763 3154 τδ
780 3093 839 3177 [ἐν]
856 3099 944 3177 ῥῆμα,

172 3181 324 3261 αἰσχύνεται
339 3181 384 3239 καί
400 3183 504 3260 ἐρυθριᾷ
518 3179 625 3259 ῥήματα
639 3179 777 3259 ἐξενεγκεῖν
792 3181 890 3262 αἰσχρά
902 3182 946 3240 καί

172 3268 272 3328 droun·
289 3268 337 3325 κάν
362 3268 414 3353 θπθ
433 3265 567 3339 συνηθείας
588 3270 708 3345 προαχθῇ
729 3266 822 3338 πάλιν,
837 3266 946 3334 πολλοῦς

172 3354 269 3432 ἔχουσα
290 3353 347 3420 τοθς
362 3353 519 3432 κατηγόρους
542 3353 757 3424 ἀναοταλήοεται.
797 3351 881 3412 Ὅταν
897 3352 947 3434 γάρ

172 3464 210 3507 τις
222 3441 266 3515 ἰδη
280 3440 324 3498 τὸν
339 3440 375 3517 μὴ
392 3440 504 3515 ὀμνύντα
517 3438 615 3518 αἰσχρδι
628 3440 814 3518 φθεγγόμενον,
829 3440 947 3515 ἐπιμύθ-

133 3550 160 3589 οο
175 3551 248 3585 σεται
264 3526 357 3606 ρφδίονς
373 3528 444 3605 αὐτῷ
459 3530 503 3583 καί
519 3526 742 3604 καταγελάσεται,
756 3528 800 3584 καὶ
814 3529 948 3600 κωμωδῦνν

174 3618 240 3691 ἐρεῖ·
251 3614 289 3675 Σὺ
298 3619 312 3672 δ
321 3614 351 3672 τδ
361 3642 371 3666 ε
380 3613 525 3673 Πίστευσον
534 3641 544 3662 ν
555 3614 614 3691 [ἐπὶ
624 3622 687 3670 πᾶσι
697 3611 808 3690 λέγων],
820 3612 895 3693 ὅρκον
902 3616 949 3672 οὐκ

171 3702 255 3779 ἀνέχῃ
278 3699 420 3779 προέσθαι,
436 3699 481 3757 καλ
495 3700 609 3779 ῥύμασιν
631 3700 747 3777 αἰσχροῖς
767 3698 949 3777 καταισχύνεις

174 3811 219 3846 ooo
232 3786 279 3859 τὴν
292 3789 425 3861 γλῶττανς
437 3781 526 3844 Ὥστε
540 3784 584 3842 καί
597 3783 716 3855 ἄκοντες,
729 3784 779 3842 ὑπὸ
789 3787 841 3843 τῶν
854 3785 949 3864 παρόν-

174 3897 225 3931 των
238 3872 463 3948 συνελαυνόμενοι,
477 3870 540 3949 πρὸς
549 3869 687 3929 edictione
702 3870 873 3948 ἐπανάξομεν.
914 3873 950 3932 Τί

134 3984 162 4021 tn
175 3950 218 4018 οῦν
234 3961 278 4018 ἐὰν
294 3961 413 4038 ἀνάγκη,
429 3960 525 4039 φησίν,
542 3960 651 4035 ὀμόσαις
665 3959 754 4019 Ὅπου
768 3962 847 4037 νόμου
862 3984 951 4038 παρα-

175 4045 250 4112 ύειοίς
268 4050 356 4118 ἐστιν,
371 4050 417 4106 ούκ
433 4046 503 4105 ἐστιν
516 4047 629 4122 ἀνάγκη.
672 4045 726 4105 Καὶ
739 4045 859 4119 δυνατόν,
873 4046 950 4127 φησί,

174 4136 286 4192 καθόλου
301 4133 338 4210 μὴ
351 4133 478 4211 ὀμνύντες
492 4134 528 4193 Τί
542 4133 638 4210 λέγειςς
653 4136 666 4190 δ
679 4131 745 4197 Θεὸς
758 4132 893 4204 ἐκελευσε,
906 4134 950 4191 καί

174 4223 273 4300 τολμᾷς
286 4223 415 4298 ἐρωτῆσαι
428 4225 451 4280 εἰ
465 4220 573 4280 δυνατόν
588 4218 699 4298 φυλάξαι
712 4218 756 4277 ebs
769 4219 863 4295 νόμους
877 4220 949 4280 Ἀδύ-

174 4329 252 4365 νατον
263 4305 309 4382 μίν
324 4298 367 4367 σύν
380 4308 408 4366 τδ
422 4306 459 4384 μὴ
473 4306 604 4386 φυλάξαι·
619 4307 663 4366 καί
677 4313 752 4365 τοῦτο
766 4308 818 4366 ἀπὸ
829 4311 881 4365 τῶν
896 4331 949 4367 πα-

136 4415 163 4455 sn
177 4394 273 4471 ρόντων
289 4398 357 4469 θμᾶς
374 4395 463 4453 πεῖσαι
476 4395 618 4474 βούλομαι,
635 4392 676 4452 ὅτι
689 4395 719 4452 οὗ
732 4392 762 4451 τό
777 4392 814 4468 μὴ
830 4395 950 4470 ὀμνύναι,

177 4480 246 4538 ἀλλά
263 4480 292 4537 τθ
306 4480 414 4556 ὀμνύναι
428 4481 565 4542 ἀδύνατον.
608 4480 677 4542 Ἰδού
692 4486 753 4559 γοῦν
768 4480 876 4559 χρυσίον
891 4485 952 4540 ἐκε-

72 4626 77 4635 ,
176 4567 323 4638 λεύοθηοαν
338 4569 491 4644 εἰσενεγκεῖν
515 4571 538 4626 οἰ
557 4567 603 4639 τὴν
627 4569 702 4628 πόλιν
721 4571 849 4634 οἰκοῦντες
863 4570 951 4627 δοκοῦν

177 4656 225 4725 τὴν
249 4659 301 4712 τῶν
315 4655 419 4712 πολλῶν
434 4656 596 4735 ύπερόαίνειν
618 4655 746 4730 δύναμιν,
764 4657 809 4716 καί
830 4658 859 4715 τδ
874 4658 952 4717 πλέον

178 4741 370 4813 εἰσενήνεκται,
387 4743 432 4801 καὶ
446 4747 496 4800 τῶν
516 4745 694 4804 ἀπαιτούντων
707 4743 775 4813 ἐστιν
790 4749 900 4804 ἀκοῦσαι
912 4751 955 4805 λε-

139 4855 166 4895 sp
180 4830 295 4907 γόντων,
307 4830 343 4888 Τί
360 4829 480 4906 μελλεις,
500 4831 634 4908 ἀνθρωπες
646 4832 672 4889 τί
692 4833 718 4889 δί
733 4834 833 4913 ἡμέραν
849 4832 875 4901 ἐξ
888 4833 953 4908 ἡμέ-

180 4943 226 4998 ρας
240 4915 376 4996 ἀναόάλλη
393 4921 477 4991 ἡμᾶςς
487 4916 523 4994 μὴ
536 4916 586 4996 γάρ
601 4918 705 4977 δυνατὸν
727 4921 861 5000 ἐκφυγεῖν·
873 4924 954 4997 βασι-

178 5006 244 5073 λέως
252 5006 328 5081 νόμος
339 5006 393 5063 ἐστὶ
405 5004 556 5083 μελλήσεως
567 5007 613 5063 οὒκ
623 5005 786 5084 ἀνεχόμενος.
808 5007 844 5067 Τί
853 5007 952 5087 λέγεις,

180 5093 238 5154 εἰπέ
264 5115 324 5172 μοις
346 5091 468 5173 βασιλεὺς
492 5090 612 5153 ἐκέλευσε
630 5094 757 5172 χρήματα
780 5096 954 5173 εἰσενεγκεῖν,

985 1567 1024 1614 est
1033 1566 1128 1626 Jurore;
1140 1565 1231 1627 saepius
1244 1566 1308 1614 enim
1324 1566 1360 1612 ira
1372 1566 1397 1613 et
1411 1564 1491 1612 tumre
1504 1561 1611 1622 detenti,
1623 1561 1766 1623 nosdejera·

987 1768 1069 1826 postea
1080 1765 1115 1813 ira
1126 1765 1244 1813 exstincta
1254 1770 1278 1814 ei
1288 1763 1368 1812 turore
1377 1762 1459 1811 sednto
1468 1798 1476 1824 ,
1488 1761 1635 1811 reconciliari
1645 1761 1764 1817 unientes.

986 1866 1010 1911 et
1022 1862 1212 1922 juramentorum
1224 1863 1366 1925 necessitate
1379 1862 1492 1920 coerciti,
1503 1860 1626 1910 doluimus
1639 1865 1766 1919 umquam

987 1961 1072 2024 inques
1087 1961 1193 2023 quodam
1207 1961 1297 2011 demoti
1319 1966 1345 2012 et
1359 1962 1463 2011 rincuiia
1477 1960 1646 2010 insciubiiibus
1667 1958 1765 2008 irretiti.

987 2059 1058 2116 Quod
1072 2060 1096 2109 et
1114 2058 1225 2108 diabotus
1241 2060 1325 2117 norit.
1337 2061 1362 2108 et
1382 2060 1439 2121 quin
1456 2058 1525 2120 pinne
1544 2057 1614 2107 norit
1630 2059 1692 2106 iram
1713 2069 1768 2106 esse

987 2159 1065 2220 ignem
1076 2160 1101 2207 et
1116 2158 1183 2208 tociie
1195 2158 1329 2220 exstingui,
1338 2161 1362 2208 et
1371 2159 1488 2207 exstincta
1501 2159 1537 2207 ira
1548 2158 1767 2209 reconciliationem

987 2262 1012 2310 et
1025 2260 1154 2309 amicitiam
1165 2259 1232 2321 sequi
1240 2295 1248 2318 ‚
1257 2258 1355 2319 cupiens
1370 2258 1448 2319 ignem
1460 2257 1524 2305 bunc
1546 2256 1767 2317 inexstinguibilem

989 2372 1096 2420 manere,
1110 2357 1246 2419 juramento
1258 2371 1301 2407 nos
1315 2357 1402 2419 saepius
1412 2356 1526 2416 irretivit,
1537 2359 1565 2406 ut
1581 2360 1607 2406 et
1618 2357 1639 2405 si
1652 2357 1688 2405 ira
1702 2357 1768 2405 desi·

988 2460 1066 2521 serit,
1084 2460 1211 2521 jnramenti
1224 2459 1352 2508 necessitas
1367 2471 1481 2520 manens,
1496 2459 1634 2509 incendium
1656 2460 1680 2509 in
1697 2460 1768 2509 nobis

989 2567 1125 2622 conservet,
1135 2562 1160 2610 et
1176 2560 1279 2610 duorum
1296 2561 1339 2610 tint
1356 2561 1474 2621 atterum,
1490 2563 1528 2612 rei
1543 2562 1687 2612 reconciliati
1699 2564 1764 2626 peie-

992 2670 1087 2718 remus,
1099 2657 1137 2706 vei
1150 2670 1198 2707 non
1212 2655 1359 2706 renonciiiati
1368 2691 1375 2715 ,
1384 2654 1434 2705 odii
1444 2655 1523 2717 cuipre
1537 2658 1696 2707 nosmdreos
1710 2669 1770 2707 σοο-

989 2755 1126 2804 stitnamus.

1022 2856 1049 2902 i.
1066 2855 1125 2902 Haec
1139 2852 1211 2913 igitur
1228 2851 1342 2908 scientes,
1355 2849 1490 2911 linamenta
1502 2850 1620 2912 fugiamus
1636 2852 1662 2901 et
1672 2850 1770 2901 εεείθοε

992 2950 1121 3000 meditetur
1136 2964 1163 2999 os
1175 2952 1285 2998 nostrum
1302 2948 1396 3009 dicere,
1412 2948 1494 2997 crede
1510 2961 1519 2994 .·
1535 2952 1560 2997 et
1579 2949 1625 2999 boc
1637 2951 1684 3000 erit
1697 2954 1770 3003 nobis

991 3053 1067 3102 totins
1081 3048 1176 3113 pietatis
1198 3052 1375 3110 argumentum.
1407 3047 1498 3109 Lingua
1512 3046 1576 3096 enim
1596 3047 1700 3096 verbum
1723 3047 1769 3096 boc

991 3160 1068 3196 nnrsm
1083 3145 1162 3194 dicere
1182 3143 1267 3204 docta,
1284 3142 1439 3192 contunditur
1457 3145 1481 3192 et
1504 3144 1623 3193 erubescit
1645 3144 1725 3207 turpia
1744 3147 1771 3194 et

992 3243 1096 3294 absurda
1110 3242 1184 3292 verbu
1196 3241 1301 3304 proferre
1313 3258 1320 3290 ε
1334 3241 1389 3290 etsi
1402 3254 1497 3291 rursum
1510 3253 1525 3290 a
1542 3243 1715 3292 consuetudine
1730 3258 1769 3295 re·

992 3345 1108 3405 trahatur,
1129 3344 1218 3393 multos
1244 3343 1333 3393 babens
1358 3348 1507 3393 accusatores
1522 3344 1674 3407 corripietur.
1705 3347 1770 3395 cum

993 3443 1055 3493 enim
1068 3443 1122 3505 quis
1136 3456 1184 3491 non
1197 3442 1316 3505 jurantem
1328 3444 1406 3505 turpia
1414 3443 1501 3493 viderit
1513 3444 1585 3494 rerba
1600 3446 1771 3506 perdentem,

993 3541 1116 3591 insnttebit
1135 3540 1215 3601 tacite,
1227 3540 1358 3601 deridebit,
1374 3547 1399 3590 et
1415 3553 1515 3603 carpens
1533 3542 1615 3592 diret:
1634 3546 1672 3594 Tu
1685 3544 1770 3606 quiin

993 3638 1106 3687 omnibus
1116 3638 1189 3697 dicis,
1202 3638 1296 3699 Crede,
1312 3637 1473 3700 iuramentum
1484 3639 1589 3702 proterre
1608 3652 1656 3689 non
1674 3640 1770 3701 andes,

993 3739 1018 3787 et
1039 3738 1148 3800 turpibus
1169 3737 1317 3787 sermonibus
1338 3737 1442 3800 lingnam
1468 3743 1534 3788 trram
1560 3740 1664 3799 poitnis?
1687 3743 1771 3801 iisqne

993 3842 1018 3886 et
1043 3836 1123 3898 inviti,
1146 3848 1161 3884 a
1183 3836 1339 3898 presentibus
1361 3837 1490 3899 compulsi,
1515 3837 1545 3887 ad
1573 3838 1687 3899 pietatem
1707 3840 1771 3887 redi·

926 3962 934 3981 ι
995 3937 1083 3988 bimus.
1115 3936 1178 3994 Quid
1198 3937 1269 3999 igitur
1281 3936 1301 3986 si
1318 3936 1414 3998 jurandi
1426 3938 1551 3987 necessitas
1565 3938 1616 3988 sit?
1631 3939 1710 4001 inquit
1726 3940 1771 3988 ati·

994 4035 1056 4098 quis.
1090 4034 1134 4085 tibi
1147 4034 1251 4097 esttegis
1264 4033 1550 4096 praeuaricatio,nouest
1565 4036 1700 4085 oeeesntas
1734 4042 1772 4087 Αο

994 4133 1106 4195 possibile
1116 4135 1153 4182 est
1169 4132 1277 4196 penitus,
1289 4133 1544 4195 monumentorum?
1556 4134 1621 4191 Quiri
1633 4135 1687 4184 risi
1705 4139 1771 4185 Deus

993 4228 1080 4291 iussit,
1098 4231 1123 4279 et
1141 4229 1214 4279 andes
1225 4230 1382 4291 interrogare,
1399 4245 1429 4280 an
1443 4231 1519 4293 tegern
1535 4231 1657 4281 custodire
1668 4233 1701 4282 sit
1713 4246 1771 4294 pns-

994 4332 1078 4381 sibiic?
1088 4335 1139 4381 imo
1152 4331 1298 4393 impossibiie
1313 4333 1405 4380 estnon
1421 4332 1553 4391 custodire,
1565 4335 1590 4383 et
1600 4332 1646 4382 troc
1659 4347 1702 4396 per
1713 4347 1775 4396 prm·

995 4423 1071 4473 sentio
1081 4423 1150 4472 vobis
1162 4425 1302 4484 persuadere
1312 4422 1366 4472 νοΙο
1382 4423 1446 4485 qrrod
1461 4437 1507 4473 non
1519 4425 1667 4488 impossibiie
1679 4428 1772 4476 sitnon

995 4517 1088 4578 jurare,
1100 4515 1142 4565 sed
1151 4517 1239 4577 jurare.
1272 4518 1332 4564 Ecce
1343 4516 1407 4565 enim
1417 4516 1477 4577 jussi
1488 4523 1546 4566 sunt
1559 4518 1645 4567 urbem
1663 4520 1775 4569 inabitan-

996 4618 1033 4665 tes
1043 4615 1117 4677 iiiud,
1128 4615 1192 4678 qnod
1204 4615 1334 4665 muitnrnm
1345 4616 1408 4665 vires
1419 4617 1534 4667 excedere
1546 4618 1680 4678 ridebatur,
1687 4634 1774 4672 aurum

998 4721 1108 4770 erogare,
1118 4709 1142 4757 ei
1158 4707 1234 4769 major
1254 4721 1307 4769 pars
1321 4708 1370 4769 jam
1388 4708 1475 4758 coliata
1497 4711 1550 4770 est,
1562 4715 1637 4773 atque
1650 4717 1776 4766 exactores

997 4806 1081 4856 audire
1092 4806 1160 4865 iicet,
1172 4805 1295 4854 dicentes:
1310 4806 1373 4864 Quid
1386 4808 1474 4865 tardas,
1485 4809 1557 4857 bomo
1568 4813 1579 4859 θ
1589 4811 1650 4872 qnid
1661 4824 1719 4861 rero
1732 4827 1776 4863 nus

999 4901 1029 4951 de
1043 4901 1082 4952 die
1093 4902 1117 4950 in
1131 4902 1194 4951 diem
1206 4901 1305 4952 diitersi
1316 4916 1363 4952 non
1374 4902 1437 4953 euim
1451 4905 1556 4968 ettugere
1566 4912 1635 4969 potes
1650 4921 1656 4952 ι
1673 4910 1709 4959 ies
1728 4914 1776 4960 lm·

998 5003 1116 5066 perituris
1136 5005 1188 5063 est,
1205 5015 1260 5065 qum
1283 5015 1374 5052 morsm
1394 5016 1442 5053 non
1467 5006 1565 5067 patitur.
1598 5008 1663 5064 Quid
1690 5024 1776 5071 quasso

998 5103 1076 5155 dicis?
1088 5107 1218 5168 imperator
1229 5103 1301 5165 iussit
1312 5104 1425 5166 pecunias
1437 5106 1522 5168 pendi,
1531 5108 1556 5157 et
1567 5111 1595 5159 ut
1609 5121 1658 5160 nnn
1672 5108 1773 5172 μεεόιι,
