3892 5867
1728 385 1790 460 xri}

194 521 337 580 sariorum
357 534 456 577 curum
470 521 603 592 agerent,
616 532 654 575 ns
665 516 733 592 lpsre
746 531 764 574 a
777 514 878 574 sciatis
891 515 1008 590 negatio
1020 521 1221 574 avocarentur.
1236 513 1280 573 lix
1294 513 1345 573 tali
1369 512 1558 574 contubernio
1581 519 1691 589 quanta
1714 517 1791 589 peri·

194 615 275 685 cala,
291 621 364 690 quot
378 613 527 680 scaudala,
543 627 608 687 qum
628 612 768 686 pernicies
789 616 936 684 nascatur,
952 615 1075 668 acuteet
1085 609 1220 685 graphice
1233 612 1352 684 exponit
1368 615 1475 677 oratur,
1491 607 1578 667 simul
1595 625 1659 684 quae
1672 625 1739 667 scra
1753 613 1791 667 sit

194 712 349 786 virginitas
356 710 510 769 ostendens
519 727 526 767 ε
536 708 658 766 illavero
665 707 830 766 conditione
842 705 990 765 meliorem
999 720 1062 764 essa
1071 710 1102 764 et
1114 706 1296 765 sinceriorem
1307 705 1442 764 lenonum
1455 708 1544 764 vitam
1557 711 1586 764 et
1596 708 1789 764 meretricum.

972 916 1011 975 V.

234 1099 282 1159 An
303 1112 425 1156 vannus
444 1109 602 1154 tuatonis
623 1090 670 1169 (tls
687 1088 815 1166 νεωτέραν
832 1089 1015 1169 χηρεύσασαν)
1031 1108 1224 1152 succussus.
1239 1122 1281 1136 -
1293 1091 1466 1166 Therastns,
1484 1094 1620 1152 virtuter
1636 1096 1789 1170 primarios

193 1193 238 1255 sui
252 1195 390 1267 ternporis
403 1192 589 1265 conspicuus,
608 1203 711 1264 genere
722 1194 752 1245 et
768 1186 953 1246 lacultatibus
964 1190 1104 1262 insignis,
1119 1203 1207 1263 quem
1223 1194 1365 1262 sperarat
1385 1188 1424 1246 ad
1442 1188 1643 1264 prefecturam
1666 1192 1791 1262 praetorii

194 1295 400 1366 perventuram
414 1301 493 1356 esse,
512 1283 551 1343 ad
564 1284 624 1342 hmc
636 1283 793 1359 probitate,
808 1283 964 1357 modestia,
980 1285 1087 1358 pietate
1099 1289 1235 1359 ornatus,
1251 1286 1282 1341 in
1295 1286 1359 1357 ipso
1372 1285 1466 1341 aetatis
1481 1283 1552 1341 llore
1569 1283 1646 1342 bern
1660 1284 1732 1343 obiit
1744 1300 1792 1342 su-

194 1400 342 1460 premum,
354 1386 508 1456 postquam
522 1380 651 1453 quinque
662 1384 777 1437 mutum
790 1394 882 1437 annos
892 1394 960 1437 cum
975 1395 1065 1436 uxore
1078 1384 1189 1453 egerat.
1202 1378 1295 1450 Quam
1306 1383 1339 1436 ut
1351 1377 1556 1453 consolaretur,
1568 1378 1792 1453 chrysostomus

194 1483 344 1556 egregium
359 1477 437 1534 hunc
451 1475 556 1533 tibrum
575 1476 689 1547 scripsit
707 1488 785 1532 auno
799 1473 857 1532 iera
878 1482 946 1533 380.
961 1474 1062 1533 Primo
1083 1472 1275 1547 singularem,
1291 1490 1349 1549 qua
1368 1474 1446 1533 Deus
1469 1474 1572 1532 viduas
1595 1477 1791 1552 prosequitur,

194 1591 294 1635 curam
310 1573 349 1631 ob
362 1570 461 1630 oculos
471 1571 553 1645 pouit
568 1586 576 1626 z
589 1571 625 1627 lis
636 1571 730 1643 ipsum
742 1571 804 1643 jaro
818 1584 880 1627 csse
893 1568 956 1627 ioco
967 1571 1034 1628 viri.
1049 1567 1160 1627 Deinde
1171 1568 1298 1626 bonate
1309 1568 1456 1627 viduitatis
1471 1569 1642 1644 dignitatem
1655 1585 1691 1626 ex
1707 1567 1792 1628 Pauli

193 1671 293 1730 uerbis
307 1667 493 1744 depraedicat,
508 1673 538 1724 et
552 1665 738 1741 gaudendum
756 1681 819 1723 esse
834 1665 871 1724 de
888 1665 1045 1740 proborum
1058 1665 1139 1723 obitu
1154 1664 1345 1723 demonstrat.
1362 1664 1466 1724 Postea
1478 1664 1612 1723 humanae
1625 1669 1693 1723 uitae
1706 1666 1790 1724 voiu-

194 1767 337 1826 biiitatcm
351 1769 384 1821 ut
396 1761 547 1831 ostendat,
562 1760 726 1835 exemplum
740 1758 826 1819 alieri
838 1762 996 1836 insigniunt
1010 1760 1122 1835 aliquot
1135 1761 1283 1835 virorum,
1300 1762 1351 1834 qui
1364 1760 1402 1819 ad
1416 1764 1557 1835 majorem
1578 1763 1669 1819 evecti
1693 1760 1789 1836 digni·

193 1869 300 1932 tatem,
324 1860 463 1936 precipiti
483 1857 667 1933 uiolentaque
688 1864 782 1916 morte
794 1856 899 1915 sublati
920 1862 997 1914 sunt
1021 1857 1120 1930 licque
1139 1855 1185 1914 his
1209 1855 1350 1913 beatiores
1371 1871 1434 1915 esse
1456 1857 1533 1932 ipsos
1555 1859 1742 1932 imperatores
1762 1862 1793 1915 et

193 1961 402 2033 imperatorum
426 1968 547 2027 uxores,
562 1952 613 2010 sed
626 1950 817 2010 acerbissimis
840 1950 1057 2010 calamitatibus
1079 1947 1163 2029 [quas
1186 1948 1297 2027 narrat)
1319 1951 1457 2025 plurimes
1475 1953 1580 2011 misere
1597 1952 1790 2011 occubuisse:

194 2066 320 2130 quarum
334 2048 406 2107 nihii
417 2051 481 2123 jam
493 2047 596 2105 cadere
607 2048 638 2105 iu
654 2046 770 2105 uiduam
786 2046 926 2105 Therasii.

967 2240 1018 2301 Vl.

234 2421 280 2480 lin
302 2436 368 2479 aros
390 2434 547 2479 suasano
569 2433 716 2478 contusio
736 2433 861 2478 onusto.
874 2448 915 2460 -
928 2416 1106 2492 Eloquentcr
1119 2418 1241 2492 expauit
1255 2416 1397 2476 secundas
1408 2420 1525 2493 nuptias
1543 2417 1715 2477 laminarum
1737 2422 1792 2478 ml·

193 2521 273 2577 nime
285 2517 404 2591 quidem
419 2515 594 2590 culpandas,
609 2513 659 2571 sed
674 2512 833 2572 laudandas
846 2528 907 2571 non
921 2528 982 2571 esse
998 2520 1029 2570 ct
1042 2512 1171 2587 aliquam
1192 2515 1407 2573 incontinentia
1422 2522 1521 2572 notam
1540 2532 1597 2590 prae
1608 2531 1638 2572 se
1654 2514 1738 2573 lerre.
1755 2547 1793 2559 -

193 2614 230 2672 ln
257 2609 463 2685 manuscriptis
485 2609 633 2668 codicibus
657 2607 823 2666 inscribitur
843 2601 907 2683 πρὸς
924 2603 971 2667 τὴν
988 2603 1069 2667 αὐτὴν
1089 2606 1138 2671 (ad
1160 2608 1290 2667 Therasii
1312 2609 1441 2683 viduam)
1465 2607 1524 2686 περὶ
1546 2607 1720 2685 μονανδρίας,
1742 2627 1793 2685 per

191 2724 337 2778 errorem,
353 2716 385 2765 ut
397 2706 523 2775 videtur,
536 2720 627 2780 quum
642 2703 679 2761 dc
692 2703 828 2762 omnibus
841 2702 958 2785 peripde
972 2702 1117 2762 viduabus
1131 2707 1161 2762 et
1175 2703 1306 2762 verbosi
1320 2721 1350 2762 re
1365 2711 1481 2781 agatur,
1498 2721 1551 2763 uec
1574 2707 1731 2781 quicquam
1753 2705 1793 2764 ad

193 2802 327 2862 Therasii
340 2802 421 2860 iiiam
434 2801 550 2877 proprie
561 2802 681 2874 spectet.

962 2975 1031 3037 v11.

233 3159 271 3218 la
293 3173 438 3218 sancsurr
458 3156 624 3232 Rasusau,
646 3172 769 3216 caussa
788 3157 957 3216 iusraunu
981 3174 1021 3215 sn
1048 3170 1207 3214 snvsnsns
1233 3170 1382 3213 asnnrnss
1414 3170 1518 3213 nisan.
1541 3186 1582 3199 -
1601 3156 1793 3234 Philosophia

191 3255 359 3315 christianae
373 3258 593 3312 mouumentum
607 3254 737 3327 insigne,
753 3268 812 3326 quo
827 3252 963 3310 divinitas
977 3256 1083 3309 nostrae
1096 3250 1242 3326 religionis
1253 3257 1283 3309 et
1296 3250 1473 3324 discipline,
1490 3250 1675 3327 polythclsmi
1693 3261 1793 3313 autem

193 3350 416 3410 mendacissima
433 3350 546 3407 sanias
560 3347 644 3405 rebus
661 3354 690 3405 et
706 3349 886 3423 argumentis
902 3346 1088 3405 disertissime
1100 3345 1326 3403 demonstratur.
1342 3345 1406 3403 Hoc
1422 3361 1538 3420 quoque
1556 3362 1630 3420 opus
1650 3350 1679 3405 in
1694 3348 1792 3407 diaco

193 3455 265 3506 natu
279 3445 472 3520 composuisse
484 3443 600 3501 videtur
612 3443 850 3520 chrysostomus,
864 3448 942 3501 certe
954 3448 1024 3501 ante
1036 3458 1147 3501 aunum
1165 3448 1233 3514 386,
1248 3441 1285 3499 ab
1300 3443 1334 3498 iis
1347 3457 1414 3516 quae
1427 3447 1498 3501 ante
1520 3444 1619 3501 oculos
1642 3451 1670 3501 et
1691 3446 1721 3502 in
1742 3461 1793 3503 ora

193 3546 278 3600 erant
290 3538 534 3599 Antiochensium
550 3540 698 3596 occasione
712 3541 838 3612 sumpta.
855 3538 926 3609 Quis
938 3554 998 3595 nou
1014 3539 1095 3594 norit
1109 3536 1245 3610 Daphnes
1260 3536 1389 3595 suburbii
1410 3538 1503 3605 lucos,
1520 3539 1643 3612 templa,
1658 3539 1791 3615 delicias,

193 3635 317 3694 luxurias
330 3636 424 3692 omnis
444 3632 648 3691 incitamenta?
660 3631 730 3703 Quae
743 3640 777 3691 ut
793 3632 1022 3708 refrenarentur,
1039 3630 1140 3690 Gallus
1155 3631 1251 3691 cesar
1263 3635 1355 3690 sancti
1378 3632 1495 3708 babylae
1516 3638 1670 3708 martyris,
1685 3632 1792 3693 Antio-

193 3731 265 3790 chiae
277 3732 402 3805 episcopi
415 3731 445 3787 in
460 3727 585 3786 Deciana
607 3730 804 3802 persecutione
820 3729 922 3800 occisi,
934 3742 1000 3785 ossa
1014 3743 1050 3786 ex
1071 3726 1142 3785 urbe
1155 3726 1296 3800 Daphnen
1310 3728 1533 3802 transportando
1547 3735 1576 3787 et
1589 3732 1747 3788 sacrarium
1760 3732 1792 3789 in

194 3826 298 3885 celebri
314 3824 376 3883 loco
389 3822 558 3882 struendum
573 3825 696 3882 curavit.
712 3821 846 3880 Julianus
861 3828 975 3890 autem,
993 3821 1129 3895 Daphnai
1144 3819 1288 3895 Apollinis
1302 3821 1415 3881 cultum
1435 3828 1466 3880 et
1481 3824 1628 3882 oraculum
1643 3826 1793 3884 instaura-

193 3928 293 3989 turus,
306 3935 385 3980 anno
399 3928 467 3995 sos,
482 3935 572 3995 quum
587 3935 622 3977 ex
633 3918 831 3977 sacerdotibus
845 3918 893 3976 dei
907 3923 1049 3992 quareret
1062 3933 1153 3992 quare
1164 3934 1199 3976 ex
1214 3923 1296 3977 tanto
1311 3924 1440 3993 tempore
1455 3918 1609 3978 obtinuerit
1623 3920 1791 3991 oraculum,

193 4033 362 4093 responsum
385 4018 518 4090 aceepit:
536 4014 580 4075 Ob
605 4019 786 4075 mortuorum
805 4016 1071 4093 propinquitatem.
1089 4013 1151 4073 Hoc
1173 4014 1211 4073 ad
1239 4031 1331 4074 unum
1346 4015 1489 4091 Babyiam
1505 4019 1595 4075 traxit
1617 4016 1791 4090 imperator,

193 4119 312 4191 ejusque
324 4129 389 4173 ossa
403 4113 508 4173 auisrri
522 4119 550 4172 et
563 4113 594 4170 in
607 4112 710 4171 urbem
725 4114 863 4187 reportari
875 4114 971 4188 jussit.
988 4111 1096 4170 Verum
1111 4111 1210 4187 paullo
1219 4119 1284 4186 post
1297 4112 1369 4172 coeio
1378 4118 1488 4171 tactum
1501 4111 1642 4189 Apollinis
1652 4114 1793 4189 templum

191 4210 331 4286 iiagrarit
344 4214 374 4267 ct
388 4211 511 4279 corruit,
526 4213 629 4283 preter
640 4223 727 4266 unnru
742 4207 924 4282 columnam,
939 4222 1004 4281 qaae
1022 4206 1120 4264 stabat
1135 4207 1225 4264 ruina
1238 4213 1468 4266 monumentum.
1483 4207 1568 4278 Haec,
1583 4214 1613 4266 ct
1626 4210 1717 4283 ipsius
1736 4208 1792 4269 Ba·

192 4304 270 4382 byire
291 4304 479 4379 martyrium,
495 4304 545 4376 qai
561 4301 768 4376 Imperatorem
792 4301 957 4360 Romanum
979 4300 1017 4358 ob
1041 4302 1111 4377 regii
1135 4302 1214 4374 pueri
1234 4297 1343 4360 obsidis
1362 4301 1469 4360 eedem
1489 4301 1526 4361 ab
1545 4302 1671 4363 ecclesiae
1693 4303 1792 4364 limine

193 4405 342 4468 arcuerat,
358 4397 454 4456 viride
464 4395 688 4473 chrysostomus
702 4401 732 4455 et
744 4395 911 4470 eloquenter
923 4400 1025 4453 narrat
1036 4402 1066 4453 et
1078 4395 1115 4453 de
1127 4396 1251 4471 singuiis
1265 4395 1430 4470 quibusque
1439 4397 1545 4455 salmis
1555 4397 1790 4473 philosophatum

193 4491 423 4553 deindeleauli
434 4490 571 4567 sophista
583 4490 767 4566 monodiam,
783 4489 926 4566 Apollinis
939 4496 968 4549 et
979 4490 1102 4550 deorum
1115 4492 1259 4549 incuriam
1269 4490 1422 4565 deflentis,
1437 4494 1557 4568 apponit
1576 4498 1607 4552 et
1627 4494 1704 4553 saise
1721 4509 1792 4552 exa·

193 4591 284 4666 gunt,
298 4587 424 4663 denique
435 4587 531 4646 insani
544 4586 691 4661 apostate
704 4587 837 4644 miseram
849 4592 971 4644 mortem
984 4587 1085 4661 pingit.

949 4784 1035 4845 vlit.

234 4978 280 5039 ils
300 4992 495 5039 suessanum
515 4993 600 5037 arsur
618 4975 673 5037 v1.
686 5007 728 5021 -
744 4999 758 5029 ι
773 4975 881 5036 Eximit
894 4979 988 5051 operis
1007 4983 1212 5054 argumentum
1225 4957 1281 5038 boc
1300 4984 1352 5038 est
1364 4977 1505 5051 Basilius,
1519 4981 1595 5039 inter
1610 4981 1719 5040 amicos
1735 4983 1791 5056 Ju-

193 5078 276 5134 reuls
290 5076 490 5151 chrysostomi
505 5073 785 5150 precipuas,iisdem
799 5079 888 5149 atque
900 5072 949 5131 iiie
964 5075 1119 5150 magistris,
1134 5074 1237 5135 iisdem
1250 5075 1410 5151 disciplinis
1422 5090 1539 5152 operam
1555 5074 1651 5146 dedit3
1662 5090 1716 5151 par
1728 5083 1792 5136 erat

193 5174 346 5249 utriusque
362 5172 492 5243 animus,
507 5185 561 5247 par
574 5171 687 5245 generis
699 5168 844 5242 conditlo;
860 5184 951 5228 unum
964 5170 1042 5228 cirea
1059 5171 1127 5229 ulte
1146 5172 1285 5230 rationem
1308 5172 1503 5247 propositum,
1518 5171 1654 5232 amicitie
1674 5168 1792 5232 vinculo
