3892 5867
154 438 199 495 pro,
212 415 249 495 aa}

149 546 216 606 loeas
244 551 327 606 εἰπεῖν
351 546 390 605 ότι
418 547 534 614 πλείονος
557 548 683 606 ἀπολαύει
708 554 752 618 τῆς
781 554 883 617 ἀκτῖνος
907 557 921 610 ό

148 634 286 705 πλούσιος,
309 635 442 699 ἐλάττονος
460 636 487 691 δὲ
505 638 518 691 ό
537 636 630 704 πένης·
644 638 690 692 οῦκ
707 635 776 694 ἔστιν
789 643 870 695 εἰπεῖν
885 637 924 695 δτι

149 724 333 801 δαψιλέστερον
358 724 422 799 ἀέρα
447 725 556 780 ἀναπνεῖ
580 729 625 780 τοῦ
639 724 776 795 πένητοςὸ
797 731 924 786 πλουτῶν·

149 809 214 865 ἀλλά
229 809 318 866 πάντα
333 807 377 865 ίσα
391 810 436 865 καί
450 809 524 866 κοινδι
538 810 681 887 πρόκειται.
722 814 798 878 Τίνος
811 805 855 872 οῦν
870 814 923 871 ἕνα·

126 917 190 952 εκεν
204 895 239 950 τὰ
255 893 304 970 μέν
319 895 425 968 μείζονα
445 895 489 953 καί
516 898 704 972 ἀναγκαιότερα
725 899 769 956 καί
790 900 836 968 τὴν
857 899 925 969 ζωὴν

96 982 102 992 ’
149 986 224 1055 ἡμῶν
239 982 382 1059 συνέχοντα
396 981 468 1041 κοινά
484 983 624 1053 πεποίηκεν
637 988 650 1040 ό
665 986 748 1059 Θεὸς,
764 986 796 1041 τόν
811 985 837 1043 δὲ
852 986 926 1044 §itt-

149 1069 271 1128 τονακαλ
296 1069 463 1148 εὐτελέστερα
487 1071 534 1128 οῦκ
560 1071 614 1128 ἔστι
639 1071 726 1141 κοινδι,
750 1072 925 1151 ’.ἀχρήματοι

149 1157 234 1234 λέγω,
248 1157 317 1223 τίνος
332 1157 433 1228 ἕνεκενς
448 1154 508 1216 Ἵνα
531 1164 705 1238 συγκροτῆται
727 1164 802 1232 ἡμῶν
817 1166 833 1231 ἡ
854 1160 925 1231 ζωλ,

149 1248 192 1301 καὶ
208 1247 303 1321 ἀρετῆς
313 1245 414 1322 ἔχωμεν
429 1246 585 1318 σκόμματα.
630 1247 663 1304 Εἰ
674 1245 720 1318 μέν
733 1249 783 1323 γὰρ
799 1249 835 1321 μὴ
850 1239 881 1317 ἧν
893 1245 926 1303 adr

117 1346 137 1383 ιο
149 1334 281 1406 ἀναγκαῖα
304 1338 388 1389 ταῦτα
414 1333 505 1404 κοινὰ,
526 1332 588 1399 ἴσως
609 1332 640 1390 ἀν
664 1336 688 1391 οί
703 1337 873 1401 πλουτοῦντες
892 1339 925 1412 τῇ

149 1421 256 1499 εἰωθυῖα
282 1420 439 1499 κεχρημένοι
454 1420 589 1499 πλεονεξίᾳ
611 1421 669 1486 τοθς
685 1422 838 1498 πενομένους
859 1422 926 1478 ἀπέ-

148 1506 240 1574 πνιξαν
257 1507 299 1564 ἄν·
323 1510 346 1564 εἰ
359 1508 410 1585 γδρ
425 1507 467 1565 ἐπί
482 1511 533 1564 τῶν
549 1511 692 1589 χρημάτων
712 1514 786 1566 τοῦτο
809 1514 927 1575 ποιοῦσι,

149 1596 239 1672 πολλῷ
255 1596 356 1671 μᾶλλον
372 1597 412 1651 ἐπ’
436 1594 540 1652 ἐκείνων
555 1600 630 1653 τοῦτο
648 1594 679 1652 διν
694 1595 827 1664 ἐποίησαν·
846 1593 925 1652 ποίλιν

150 1684 172 1738 τί
185 1683 232 1738 καί
243 1681 278 1739 τὰ
292 1684 417 1760 χρήματα
431 1673 463 1753 ἦν
484 1682 557 1739 κοινὰ
572 1684 616 1739 καὶ
630 1691 709 1741 πᾶσιν
731 1681 824 1756 δμοίως
845 1679 927 1758 πρού·

117 1786 238 1840 timeare,
263 1769 440 1846 έλτημοσύνης
462 1769 576 1848 ἀνῄρητο
597 1769 725 1849 πρόφασις
738 1770 783 1828 καί
804 1770 926 1847 ριλορρο-

152 1856 228 1929 σύνης
243 1857 361 1934 ἀφορμή.
403 1853 454 1916 ‘lv’
470 1847 513 1914 οῦν
530 1858 612 1921 ἀδεῶς
625 1862 721 1931 ζῶμεν,
737 1855 810 1914 κοινδ
823 1856 926 1930 γέγονεν

150 1949 214 2015 ἡμῖν
225 1942 258 2000 τά
277 1946 324 2014 τῆς
338 1947 404 2013 ζωῆς
418 1942 497 2001 αἴτια·
512 1944 591 2001 πάλιν
598 1989 608 2013 ,
622 1942 664 2000 ἵνα
679 1941 780 2019 ἔχωμεν
793 1940 927 2020 στεριίνων

151 2031 196 2087 καί
218 2032 416 2106 εὐδοκιμήσεων
430 2031 564 2110 ἀφορμὴν,
582 2032 611 2088 οὗ
626 2029 698 2088 κοινά
711 2030 801 2106 γέγονε
815 2028 847 2087 rt
862 2027 927 2105 χρή·

152 2139 243 2190 ματα,
259 2115 303 2173 ἵνα
318 2115 466 2182 πλεονεξίαν
481 2125 629 2194 μισοῦντες,
645 2116 809 2187 δικαιοσύνην
825 2114 928 2173 διώκον-

117 2222 140 2259 eo
153 2227 210 2273 τες,
227 2205 260 2262 ri
275 2204 337 2262 ὄντα
354 2212 406 2269 τοῖς
428 2204 556 2280 δεομένοις
573 2204 736 2280 προϊέμενοι,
760 2202 927 2280 παραμυθίαν

153 2376 366 2455 ἀμαρτημάτων.
390 2378 519 2436 Πλούσιόν
533 2400 562 2435 σε
574 2377 693 2449 ἐποίησεν
707 2376 812 2447 θΘεδς,
826 2376 851 2433 τί
864 2398 928 2433 σαυ-

152 2463 196 2521 τδν
218 2473 302 2528 ποιεῖς
315 2464 433 2535 πένητας
456 2463 588 2524 Πλούσιόν
611 2486 641 2522 σε
657 2464 794 2536 ἐποίησεν,
819 2461 863 2521 ἵνα
876 2471 929 2528 τοῖς

153 2551 283 2625 δεομένοις
301 2556 411 2630 βοηθῇς,
426 2548 468 2608 ἵνα
482 2550 515 2609 τδ
530 2550 710 2631 ἁμαρτήματα
725 2550 804 2630 λύσῃς
823 2549 856 2608 τδι
870 2573 930 2608 oau-

117 2653 139 2690 τε
153 2643 197 2694 ταῦ
214 2637 257 2694 διδ
270 2644 318 2707 τῆς
331 2639 366 2704 τίς
380 2638 480 2716 ἑτέρως
494 2638 633 2715 δαψιλείας·
645 2636 726 2695 ἔδωκε’
737 2660 777 2696 σοι
789 2637 928 2715 χρήματα,

153 2728 203 2804 οὐχ
221 2728 265 2783 ἵνα
279 2725 452 2803 κατακλείσῃς
466 2724 511 2783 ἐπ’
523 2724 619 2804 ὀλέθρῳ
633 2727 670 2803 τῷ
686 2728 734 2803 σῷ,
757 2724 815 2780 ἀλλ’
828 2721 870 2780 ἵνα
886 2726 929 2780 ἐκ·

153 2816 202 2890 χέῃ
215 2812 260 2869 ἐπί
272 2813 429 2890 σωτηρίρτῇ
441 2815 485 2886 σῇ.
494 2810 544 2868 Διά
554 2813 678 2869 τοῦτοκαὶ
690 2809 736 2878 τὴν
746 2813 836 2878 κτῆσιν
845 2812 930 2867 αὐτῶν

154 2902 250 2969 ἄδηλον
264 2899 370 2968 ε’ποίησι
384 2899 429 2955 καὶ
448 2899 477 2955 οὗ
490 2898 609 2973 μόνιμον,
621 2897 663 2955 ἵνα
679 2895 723 2954 καί
743 2899 769 2953 ίν
789 2895 872 2974 τούτῳ
885 2900 931 2965 τῆς

153 2986 214 3065 περὶ
233 2985 300 3044 αὐτὰ
314 2985 409 3060 μανίας
421 2986 556 3063 καταλύσῃ
570 2985 613 3042 τὸν
633 2985 713 3042 τόνον.
768 2984 799 3041 Et
814 2982 864 3061 γδρ
886 2989 930 3039 νῦν

117 3089 142 3128 κε
153 3075 199 3131 οἶοι
221 3073 324 3150 ἔχοντες
339 3076 441 3152 θαρρεῖν
453 3074 476 3129 οἱ
490 3071 646 3148 κεκτημένοι
663 3070 724 3149 περί
745 3070 840 3139 αἰτῶν,
863 3070 931 3128 tiit

153 3162 199 3219 καὶ
227 3159 327 3224 πολλός
351 3163 459 3237 δρῶντες
482 3160 512 3215 ἐκ
536 3164 581 3216 τοῦ
606 3159 759 3236 πράγματος
780 3157 933 3231 τικτομένας

78 3256 81 3265 ¹
154 3247 310 3318 έπιθουλδς,
323 3245 404 3312 οὕτως
419 3245 566 3305 έκκαίονται
584 3245 643 3324 περὶ
658 3246 701 3301 τὸν
725 3242 827 3302 ἐκείνων
841 3242 931 3309 πόθον,

155 3338 177 3392 εἰ
192 3334 329 3392 καὶτοῦτο
343 3337 381 3412 τῷ
393 3332 497 3412 πλούτῳ
511 3335 612 3411 προσῆν
626 3331 655 3388 τὸ
674 3329 779 3407 βίόαιον
796 3328 842 3386 καί
860 3330 933 3386 diad-

154 3444 269 3490 πτωτον,
279 3423 346 3482 τίνος
356 3420 386 3477 ἂν
400 3418 623 3497 ἒρείσαντο;τίνος
636 3416 668 3474 ἂν
683 3415 843 3494 inceperim
857 3416 933 3481 ποίας

119 3531 142 3568 τι
154 3507 255 3585 χήρας,
268 3505 349 3564 ποίων
367 3508 485 3584 θρρανῶν
493 3548 503 3575 ,
516 3504 598 3562 ποίων
612 3503 746 3572 πενήτων;

196 3593 243 3663 Μὴ
255 3594 341 3651 τοίνυν
363 3595 431 3668 μέγα
452 3594 598 3669 νομίζωμεν
614 3592 709 3668 ἀγαθὸν
725 3581 791 3647 εἶναι
813 3591 932 3647 πλοῦτον·

157 3679 225 3757 μέγα
240 3681 291 3759 γὰρ
311 3682 421 3756 ἀγαθὸν,
437 3682 466 3736 ού
489 3681 520 3737 τὸ
543 3682 686 3747 κεκτῆσθαι
700 3676 844 3755 χρήματα,
864 3675 933 3734 ἀλλὰ

157 3770 186 3828 τὸ
199 3772 342 3838 κεκτῆσθαι
351 3772 420 3828 Θεοῦ
431 3766 509 3843 φόῦον
524 3766 568 3824 καί
582 3775 669 3823 πᾶσαν
682 3763 830 3821 edideram.
866 3761 933 3822 Ἰδοίι

158 3862 201 3913 νῦν
216 3855 292 3921 εἴτις
307 3854 405 3919 δίκαιος
419 3846 450 3924 ἦν
461 3855 505 3911 καί
516 3851 665 3931 παρρησίαν
677 3850 776 3920 πολλὴν
787 3849 854 3925 ἔχων
870 3872 934 3926 προς

121 3969 146 4007 ιο
159 3944 201 4001 τόν
215 3945 303 4015 Geor,
326 3942 375 3999 κάν
398 3946 419 4001 εί
432 3943 538 4001 πάντων
564 3938 707 4017 ἀνθρώπων
721 3936 874 4015 πενέστερος
888 3928 934 4009 ἦν,

159 4031 231 4105 ἤρκει
247 4032 326 4087 λῦσαι
346 4030 380 4089 τδι
400 4030 516 4109 παρόντα
539 4027 620 4085 δεινοί·
639 4023 714 4100 ἤρκει
731 4024 781 4100 γὰρ
796 4022 873 4095 μόνον
889 4022 934 4087 τὰς

159 4120 247 4195 χεῖρας
261 4120 374 4175 ἐκτεῖναι
386 4119 420 4181 εἰς
433 4116 476 4174 τὸν
492 4114 599 4193 οὐρανὸν
613 4111 658 4169 καὶ
672 4112 782 4168 καλέσαι
796 4109 840 4166 τὸν
851 4108 933 4180 Θεὸν,

160 4206 203 4261 καὶ
220 4204 251 4261 τὸ
266 4203 340 4281 νέρος
351 4210 427 4261 τοῦτο
441 4204 572 4278 παρῆλθεν
588 4200 630 4259 ἀν.
684 4195 797 4273 Χρυσίον
813 4201 933 4254 τοσοῦτον

161 4292 312 4361 ἀπόκειται,
324 4291 368 4347 καί
380 4294 465 4359 πηλοῦ
478 4288 573 4353 παντός
588 4291 656 4346 ἐστιν
667 4282 858 4361 ἀχρηστότερον
870 4282 934 4359 πρὸς

124 4398 150 4434 ιε
161 4379 205 4447 τὴν
219 4380 294 4436 λύσιν
308 4379 360 4433 τῶν
375 4375 544 4450 ἐπικειμένων
554 4377 653 4431 κακῶν.
694 4373 752 4430 Οὐκ
767 4366 886 4446 ἐντούτῳ
906 4368 933 4426 δέ

161 4469 194 4543 τῷ
215 4464 326 4541 κινδύνῳ
343 4460 431 4537 μόνον,
456 4461 524 4517 ἀλλά
545 4458 594 4517 κάν
612 4458 685 4523 νόσος
710 4455 865 4531 καταλοίόη,
885 4478 934 4512 καν

162 4553 287 4623 θάνατος,
303 4549 352 4607 κάν
368 4548 431 4606 ἄλλο
451 4572 478 4605 τι
498 4551 550 4605 τῶν
574 4541 860 4621 τοιούτων,έλε’γρεται
883 4545 933 4599 τῶν

161 4641 301 4716 ’χρημάτων
316 4644 334 4707 ἡ
349 4637 457 4711 δύναμις
469 4633 634 4713 ἀπορουμένη
645 4632 690 4689 καί
698 4630 827 4706 μηδεμίαν
837 4627 934 4705 ἔχουσα

162 4730 327 4803 παραμυθίαν
340 4733 393 4789 τοῖς
416 4723 602 4798 συμόαίνουσιν
622 4719 722 4778 οἴκοθεν
745 4714 931 4782 ἐπιδείξασθαι.

125 4847 153 4884 ω
163 4812 209 4871 Ἓν
230 4815 299 4869 ἔστιν
311 4803 412 4889 ᾧδοκιῖ
421 4814 467 4880 τῆς
474 4810 562 4873 πενίας
575 4809 736 4866 πλεονεκτεῖν
747 4804 890 4873 όπλοῦτος,
905 4799 935 4858 τδ

164 4909 260 4978 τρυρᾷν
274 4899 331 4955 καθ’
345 4896 446 4976 ἡμέραν
464 4897 509 4954 καὶ
527 4897 626 4964 πολλῆς
645 4890 816 4967 ἐμφορεῖσθαι
827 4890 866 4946 ’έν
881 4891 935 4956 τοῖς

165 4986 314 5061 συμποσίοις
327 4988 373 5054 τῆς
387 4986 489 5055 ἡδονῆς.
542 4985 628 5041 Τοῦτο
644 4978 689 5054 μέν
708 4969 752 5036 οῦν
772 4977 817 5035 καί
834 4975 876 5036 ἐπὶ
888 4981 936 5047 τῆς

165 5078 214 5131 τῶν
236 5071 355 5142 πενήτων
378 5070 507 5152 τραπέζης
527 5066 671 5145 συμθαῖνόν
691 5067 760 5123 ἐστιν
786 5066 864 5134 ἰδεῖν,
890 5063 935 5121 καί

168 5160 276 5236 μειζονος
295 5159 399 5226 τούτους
413 5158 592 5222 ἀπολαύοντας
612 5156 705 5226 ἡδονῆς
726 5156 777 5211 τῶν
793 5152 932 5211 πλουτούν·

768 423 931 482 ΙΙΟΜΙΗΑ
947 424 1136 487 SECUNDA.

1688 441 1741 495 θθί

968 554 1024 604 iicet
1037 557 1113 605 dicere
1122 555 1185 618 quod
1199 557 1256 606 coiis
1269 557 1341 606 radiis
1348 557 1502 620 amplioribus
1514 559 1589 622 dives,
1598 561 1748 614 tennioniius

970 669 1026 704 vero
1040 670 1127 719 pauper
1145 658 1253 718 irrratur3
1275 670 1321 707 uon
1339 660 1393 710 iicet
1411 661 1490 710 dicere
1507 661 1571 722 quod
1591 664 1748 723 copiosiorem

969 766 1047 802 aerem
1059 768 1131 815 quarn
1140 769 1228 817 pauper
1238 758 1336 819 respiret
1346 759 1423 817 diros,
1436 759 1478 807 aad
1486 760 1565 808 ornnia
1576 761 1641 822 paria
1650 767 1674 811 et
1684 775 1749 811 corn-

971 852 1053 900 munia
1072 854 1192 915 proposita
1208 858 1274 904 sunt.
1307 860 1386 913 Quare
1410 856 1481 917 igitur
1496 857 1588 917 majora
1600 856 1698 918 qrrideru
1721 860 1746 907 et

971 949 1044 1010 magis
1057 952 1204 1009 neccssaria,
1217 954 1241 1000 et
1254 951 1327 999 vitam
1340 955 1446 1000 nostram
1456 953 1621 1013 continentia,
1635 966 1747 1002 conamu-

971 1047 1009 1095 nia
1023 1050 1088 1096 Deru
1098 1048 1166 1107 [τοίη
1178 1048 1271 1097 minora
1281 1060 1337 1096 vero
1346 1052 1370 1096 ot
1384 1048 1467 1097 ritiora
1480 1060 1527 1096 non
1537 1049 1594 1096 suut
1602 1050 1750 1111 communia,

971 1148 1078 1207 pecuniae
1094 1147 1226 1196 nimirum?
1241 1160 1289 1209 qua
1300 1147 1330 1195 do
1343 1151 1433 1196 causa?
1449 1131 1480 1197 ur
1491 1148 1541 1195 vita
1555 1149 1637 1195 nostra
1649 1159 1746 1195 conser-

971 1250 1050 1308 vetur,
1063 1249 1087 1295 et
1102 1246 1198 1295 virtutis
1214 1246 1289 1295 stadia
1307 1246 1447 1295 habeamus.
1493 1248 1517 1295 si
1529 1245 1592 1293 enirn
1609 1259 1657 1295 non
1671 1248 1749 1296 esseut

971 1343 1102 1391 necessaria
1118 1342 1170 1391 tuac
1181 1343 1334 1405 communia,
1346 1343 1407 1392 iorte
1418 1344 1505 1394 ‹tirites
1516 1346 1586 1394 solita
1602 1347 1637 1395 usi
1649 1348 1748 1397 avaritia

972 1433 1086 1501 pauperes
1105 1441 1281 1490 suffocasseut:
1305 1442 1325 1490 ai
1345 1444 1408 1491 cnirn
1427 1442 1449 1490 iu
1470 1443 1559 1492 divitiis
1579 1445 1624 1494 iroc
1646 1445 1748 1507 iaciunt,

972 1541 1133 1602 multomagis
1146 1542 1226 1590 initiis
1238 1543 1356 1591 fecissent.
1397 1545 1489 1593 iiumrrs
1500 1543 1554 1594 aiut
1564 1546 1671 1607 pecunia
1684 1560 1748 1595 coru·

972 1651 1056 1688 nruues
1068 1644 1159 1699 essem,
1170 1642 1195 1689 et
1207 1640 1315 1689 sirniiitar
1323 1640 1435 1689 omnibus
1445 1643 1468 1689 in
1482 1641 1561 1691 medio
1572 1644 1668 1705 positae,
1685 1645 1748 1695 eiee·

972 1742 1175 1803 mosynaeoccaaio
1181 1741 1275 1792 sublata
1286 1748 1348 1791 esset
1354 1744 1379 1791 er
1387 1743 1493 1792 caritatis
1499 1743 1671 1806 opportunitas.
1685 1749 1707 1794 7.
1719 1746 1750 1794 tit

971 1840 1043 1901 igitur
1056 1853 1139 1890 secure
1151 1840 1276 1900 sinamur,
1295 1852 1436 1890 communes
1451 1842 1521 1891 tactas
1535 1845 1593 1892 aunt
1607 1842 1677 1893 nobis
1693 1845 1751 1895 vitre

971 1952 1064 2001 consm3
1078 1952 1187 1999 rursum,
1200 1942 1227 1989 ut
1238 1940 1368 1989 Ιιιιθεοιιιυε
1379 1952 1522 1990 οοτοοοτυιπ
1532 1943 1558 1991 et
1569 1942 1669 1992 laudum
1682 1956 1752 1993 ocea-

971 2040 1133 2099 aionem,non
1147 2039 1365 2090 communesiactae
1377 2043 1434 2089 aunt
1453 2041 1571 2102 pecuniae,
1586 2046 1615 2092 ut
1628 2044 1751 2093 avaritiam
1801 2021 1803 2025 ¹
1882 2024 1887 2034 ⁸

972 2146 1037 2196 exosi
1047 2181 1054 2207 ,
1063 2144 1179 2207 iustitiam
1194 2146 1328 2204 sectantes,
1346 2144 1428 2192 nostra
1448 2141 1607 2205 indigentibus
1618 2147 1751 2204 erogantes,

972 2242 1068 2304 aliquod
1084 2244 1236 2305 peccatorum
1250 2243 1386 2290 nostrorum
1400 2243 1513 2291 sotatium
1525 2248 1550 2292 et
1565 2241 1697 2291 remedium
1711 2255 1753 2305 per

974 2340 1036 2388 riam
1048 2339 1110 2387 trano
1119 2339 1247 2401 capiamus.
1259 2337 1362 2388 titrirem
1373 2344 1396 2388 te
1408 2338 1465 2388 iecit
1477 2341 1552 2394 Deus.
1566 2338 1624 2401 qnid
1636 2341 1659 2388 te
1673 2340 1752 2401 ipsum

973 2450 1101 2500 pauperem
1114 2438 1186 2487 iacis?
1198 2438 1302 2487 tiiritem
1315 2439 1339 2486 te
1356 2437 1420 2496 tecit,
1440 2440 1467 2485 ut
1487 2436 1567 2498 egenis
1577 2436 1709 2498 auxilieris,
1725 2438 1753 2486 ut

973 2542 1070 2601 peccata
1082 2538 1210 2588 tuasoiras
1223 2549 1265 2600 per
1278 2536 1443 2586 iiberaiitatenr
1459 2537 1511 2585 aiiis
1522 2535 1652 2586 exhibitam
1667 2550 1674 2584 ε
1687 2536 1753 2587 dedit

973 2637 1017 2686 tibi
1033 2637 1155 2698 ρεοιιπίιο,
1168 2650 1215 2685 uon
1230 2638 1259 2685 ut
1274 2636 1297 2684 in
1313 2639 1415 2684 mortem
1427 2637 1494 2684 tuam
1508 2634 1619 2697 claudas,
1631 2634 1673 2685 sed
1687 2639 1715 2684 ut
1727 2636 1753 2685 in

974 2736 1075 2786 satutem
1091 2738 1159 2783 tuam
1168 2734 1286 2784 effundas.
1320 2735 1447 2796 Propterea
1466 2734 1607 2794 ettpramm
1620 2735 1752 2795 possessio·

975 2847 1029 2885 nem
1043 2835 1157 2883 incertam
1167 2838 1191 2884 et
1203 2848 1249 2883 non
1259 2833 1368 2883 stabilem
1380 2834 1479 2891 iecit,ut
1489 2847 1530 2895 per
1543 2835 1587 2882 Ιιυο
1601 2847 1701 2894 quoque
1713 2835 1752 2883 in·

974 2935 1048 2985 sanim
1059 2935 1123 2984 circe
1134 2935 1196 2996 ipsas
1208 2935 1360 2984 intentionem
1373 2933 1520 2982 dissolveret.
1529 2933 1554 2982 Si
1566 2933 1630 2983 enirn
1640 2934 1682 2994 qui
1690 2947 1754 2983 nunc

976 3029 1097 3090 possident
1108 3030 1133 3078 et
1142 3029 1172 3076 de
1184 3026 1243 3089 ipsis
1255 3027 1372 3077 considero
1382 3040 1429 3075 non
1446 3027 1535 3087 rotent,
1548 3027 1655 3089 quinimo
1665 3026 1754 3075 nouitas

976 3138 1005 3175 ex
1018 3125 1062 3174 trac
1071 3138 1096 3174 re
1107 3129 1230 3174 nascentes
1240 3123 1338 3172 insidias
1350 3128 1467 3183 cernunt,
1481 3124 1517 3172 sic
1529 3125 1592 3172 circa
1602 3123 1696 3173 itiarum
1707 3125 1750 3175 de·

977 3223 1089 3272 siderium
1102 3221 1300 3272 reaccenduntur:
1316 3222 1336 3271 si
1357 3227 1383 3271 et
1394 3222 1439 3271 hoc
1455 3222 1564 3273 additum
1579 3226 1648 3284 esset,
1660 3228 1689 3273 ut
1706 3230 1754 3274 sta·

978 3321 1036 3369 biles
1047 3326 1071 3369 ct
1082 3322 1187 3369 minime·
1202 3320 1300 3368 caducae
1311 3319 1404 3379 tonent,
1424 3319 1461 3366 cui
1476 3320 1656 3381 pepercissent?
1674 3335 1688 3370 ει
1705 3336 1754 3384 quo

977 3412 1166 3475 abstinuissent?¹
1178 3425 1193 3460 a
1204 3425 1252 3472 qua
1271 3410 1343 3460 vidua
1352 3414 1386 3459 ia
1403 3411 1491 3472 quibua
1505 3412 1644 3474 pnpitiiaia
1663 3415 1755 3476 qrriirus

979 3508 1136 3570 pauperibus?

1008 3601 1042 3648 iic
1053 3596 1124 3657 igitur
1140 3608 1250 3656 magnum
1264 3597 1375 3655 putemur
1387 3593 1477 3643 bonum
1492 3607 1544 3644 esse
1563 3594 1658 3644 divitior
1678 3611 1684 3645 ι
1701 3610 1752 3645 rna·

977 3717 1050 3765 gnum
1064 3701 1128 3750 enirn
1143 3702 1242 3760 bonum,
1255 3713 1302 3748 non
1316 3698 1435 3761 possidere
1444 3700 1564 3760 pecunias,
1574 3700 1614 3748 aed
1629 3700 1673 3749 Dei
1684 3701 1754 3750 timo·

909 3852 915 3871 p
979 3821 1029 3858 τοττι
1048 3810 1073 3856 et
1091 3805 1246 3855 reverentiam
1268 3803 1395 3866 posaidere.
1430 3807 1491 3853 iicoe
1506 3817 1570 3852 τιιιιιο
1589 3805 1609 3852 ai
1627 3805 1755 3866 quiserset

977 3909 1056 3969 luctus
1066 3910 1090 3957 et
1101 3908 1163 3969 apud
1175 3908 1252 3956 Deum
1265 3906 1358 3954 fiduciae
1368 3905 1458 3954 itabens
1472 3905 1586 3967 muttum,
1596 3906 1639 3954 etsi
1647 3907 1754 3955 onruiuru

978 4011 1103 4065 hominum
1114 4009 1278 4071 pauperrimus
1289 4010 1368 4069 esset,
1379 4010 1504 4068 praesentia
1518 4007 1579 4055 maia
1591 4008 1685 4057 soirero
1698 4023 1753 4071 pos·

978 4116 1015 4163 set
1027 4126 1034 4157 τ
1047 4113 1105 4162 satis
1120 4111 1184 4161 enim
1198 4114 1262 4160 esaei
1273 4112 1368 4158 tanturn
1381 4109 1404 4156 in
1419 4108 1505 4156 onium
1518 4119 1603 4154 manus
1614 4107 1754 4168 extendere,

978 4220 1002 4267 et
1011 4218 1087 4264 Deum
1097 4216 1215 4272 invocare,
1223 4216 1248 4263 et
1257 4214 1308 4261 inec
1315 4210 1401 4260 nebula
1408 4210 1547 4271 praeteriret.
1555 4212 1646 4257 ararum
1653 4213 1750 4259 tantuna

980 4325 1111 4388 repositum
1123 4321 1175 4370 tuto
1187 4317 1251 4366 omni
1264 4316 1293 4364 ad
1311 4308 1506 4377 impendentium
1522 4312 1640 4361 maiorum
1655 4314 1756 4363 solutio·

904 4456 916 4473 ι
980 4441 1034 4477 nem
1046 4423 1203 4474 inutitiuseat.
1215 4420 1294 4470 riociu
1302 4417 1347 4466 iroo
1354 4420 1447 4466 tanturn
1456 4415 1619 4477 pericutc,sed
1629 4419 1654 4465 et
1664 4418 1685 4465 ai
1693 4431 1755 4466 uror.

980 4530 1026 4579 iius
1043 4521 1257 4587 comprehenderit,
1273 4520 1323 4570 sire
1336 4532 1410 4580 mors,
1422 4517 1474 4567 sire
1483 4518 1548 4566 atiud
1558 4519 1615 4580 quid
1626 4518 1754 4582 eiusmodi,
1825 4508 1834 4527 '

980 4630 1127 4695 redarguitur
1140 4627 1293 4690 pecuniarum
1305 4624 1469 4685 risimpotena
1484 4628 1509 4672 et
1526 4624 1617 4672 uuiiam
1631 4624 1712 4673 raiano
1726 4625 1757 4675 do

980 4735 1075 4800 proprio
1087 4731 1272 4784 consolationem
1289 4728 1314 4777 iu
1326 4727 1434 4777 adversis
1444 4728 1539 4791 aiierre.
1562 4730 1643 4776 tinum
1657 4729 1693 4776 eat
1707 4740 1756 4788 quo

980 4843 1144 4906 paupertatem
1161 4835 1252 4885 diritiae
1270 4846 1384 4895 superare
1404 4832 1532 4891 videntur,
1544 4830 1688 4893 quotidianis
1707 4830 1756 4879 dii·

981 4944 1053 4992 tiuerc
1065 4939 1164 5000 deliciis,
1176 4940 1201 4987 et
1214 4937 1288 4985 muita
1298 4936 1321 4984 in
1332 4934 1448 4983 conviviis
1463 4932 1548 4994 repleri
1562 4933 1692 4994 voluptate.
1704 4933 1757 4981 iioc

980 5049 1062 5096 tamen
1079 5047 1104 5095 et
1114 5044 1140 5093 in
1160 5054 1290 5105 pauperum
1304 5052 1387 5089 menan
1400 5037 1536 5097 contingere
1549 5035 1662 5092 cernitur,
1674 5037 1699 5085 et
1711 5037 1756 5085 Ιιοι

980 5155 1064 5217 maiori
1078 5167 1151 5218 quam
1167 5166 1248 5203 omncs
1266 5151 1352 5201 divites
1366 5148 1488 5210 voluptate
1503 5145 1556 5195 [τινί.
1602 5145 1631 5192 Et
1644 5141 1754 5191 neruine
