3892 5867
145 406 237 486 ιον)

139 536 262 596 τοσοῦτόν
283 538 339 595 ἔστι
368 534 398 594 εδ
422 533 501 612 μίσον
523 533 658 614 ἀνθρώπου
683 532 729 592 καί
751 535 839 609 Θεοῦ,
862 536 922 595 όσον

139 623 289 698 οὐδὲλόγος
310 627 481 702 παραστῆσαι
495 621 649 695 δυνήσεται,
666 622 711 681 καῖ
732 622 790 681 καθ’
811 623 923 695 ἑκάστην

139 712 275 790 ὐόρίζεται
295 711 342 781 τὴν
357 711 471 789 ἡμέραν,
491 710 582 791 παρὼν
606 712 652 769 καλ
668 714 734 790 ὐριῦν
748 712 793 769 καὶ
810 710 922 784 ἀκούων,

138 799 182 855 καὶ
198 797 259 856 οὔτε
280 796 399 869 σκηπτόν
423 799 534 877 ἀρῆκεν,
558 796 616 856 οὐτε
633 797 681 869 τὴν
696 798 827 856 θάλατταν
842 821 874 876 τη
890 821 923 875 γη

117 910 128 946 ε
139 887 296 963 ἐπιδραμεῖν
311 884 431 943 ἐκέλευσε
442 887 487 943 καὶ
502 885 693 965 καταποντίσαι
704 886 813 955 πάντας,
823 882 881 942 οὔτε
892 888 924 963 τῇ

138 978 171 1051 γῇ
184 976 324 1042 διαστῆναι
332 973 376 1030 καὶ
388 972 507 1039 δέξασθαι
517 971 617 1039 πάντας
628 971 685 1037 τούς
696 971 834 1051 ὐόρικότας
843 994 925 1052 προσ·

139 1060 241 1133 ἔταξεν,
258 1060 320 1118 ἀλλ’
344 1060 465 1138 ἀνάγεται
481 1059 525 1117 καί
548 1063 723 1134 μακροθυμεῖ,
739 1061 784 1118 καί
803 1059 923 1137 συγγνόν·

138 1153 231 1207 σεσύαι
247 1147 439 1225 ἐπαγγέλλεται
454 1146 518 1229 [τοῖς
530 1146 686 1226 ὐόρικόσιν],
699 1148 729 1204 ἂν
743 1147 924 1222 μετανοήσωσι

138 1235 217 1308 μόνον
229 1234 276 1292 καί
290 1234 459 1312 ὑπόσχωνται
474 1233 568 1309 μηκέτι
580 1238 663 1292 ταῦτα
678 1238 770 1296 ποιεῖν,
812 1234 924 1305 Ἀληθῶς

106 1341 126 1378 ιο
138 1322 259 1401 εὔκαιρον
272 1326 317 1378 νῦν
331 1321 500 1400 ἀνακραγεῖν,
514 1349 526 1371 ι
538 1323 586 1388 Τίς
598 1322 708 1390 λαλήσει
718 1321 763 1389 nd<
774 1323 924 1390 δυναστείας

137 1414 184 1465 τοῦ
209 1408 324 1487 Κυρίου,
350 1407 478 1472 ἀκουστδις
507 1407 612 1479 ποιήσει
635 1408 722 1475 πάσας
745 1409 792 1475 τύις
815 1412 924 1477 αἰνέσεις

138 1498 234 1567 αὐτοῦς
246 1524 258 1545 ι
276 1495 362 1554 Πόσοι
374 1498 420 1551 τοῦ
434 1497 506 1554 Θεοῦ
517 1493 563 1560 nd<
579 1497 679 1561 εἰκόνας
689 1498 748 1575 οὐχὶ
761 1497 923 1574 κατήνεγκεν

138 1581 227 1657 μόνον,
243 1580 314 1639 ἀλλὰ
335 1582 381 1639 καί
404 1581 606 1654 κατεπάτησαν;
623 1581 685 1641 όταν
707 1584 758 1664 γάρ
781 1585 923 1664 άγγῃςτύν

137 1671 291 1740 ὑπεύθυνον,
305 1667 369 1727 όταν
385 1670 516 1749 σἰποόόῃς,
530 1668 592 1728 όταν
605 1671 699 1751 ἕλκῃς,
714 1671 775 1729 όταν
787 1671 922 1731 καταόάλ·

107 1778 126 1814 ιε
136 1760 192 1834 λῃς,
203 1763 251 1816 τοῦ
263 1762 335 1819 Θεοῦ
347 1754 396 1827 τὴν
412 1758 498 1814 εἰκόνα
513 1761 683 1820 καταπατεῖς.
725 1756 851 1818 Ἄκουσον
863 1765 923 1836 γοῦν

136 1852 179 1902 τοῦ
195 1847 309 1905 Παύλου
324 1844 442 1921 λέγοντος
457 1846 496 1902 ότι
508 1844 656 1924 Ἄνθρωπος
671 1848 717 1905 οὐκ
731 1846 827 1919 ὐρείλει
839 1870 923 1906 κατα·

137 1932 319 1992 καλύπτεσθαι
330 1933 378 2003 τὴν
390 1933 518 2010 κεραλὴν,
535 1932 612 1990 εἰκὼν
624 1934 669 1992 καὶ
682 1933 746 2011 δόξα
756 1936 825 1993 Θεοῦ
839 1934 922 2013 ὑπάρ·

137 2044 198 2097 χιον·
209 2020 258 2079 καὶ
268 2021 349 2079 πάλιν
363 2022 442 2077 αὐτοῦ
452 2025 497 2077 τοῦ
510 2021 580 2079 θεοῦ
597 2021 724 2098 λέγοντος,
737 2049 747 2071 ι
766 2021 923 2097 Ποιήσωμεν

138 2111 274 2189 ἄνθρωπον
293 2108 351 2166 κατ’
366 2108 453 2167 εἰκόνα
468 2108 597 2186 ἡμετέραν
618 2108 662 2165 καί
685 2111 744 2167 καθ’
760 2109 894 2183 ὁμοίωσιν.
911 2138 922 2160 ι

104 2194 180 2255 θ’λν
194 2196 223 2255 δὲ
242 2196 323 2273 λέγῃς
344 2196 385 2253 ὅτι
406 2195 465 2272 οὐχί
489 2198 536 2264 τῆς
559 2197 637 2265 αὐτῆς
659 2196 748 2261 οὐσίας
762 2199 775 2253 6
790 2195 923 2274 ἄνθρωπός

137 2285 189 2340 ἐστι
203 2287 244 2363 τῷ
259 2287 341 2362 Θεῷ,
358 2282 384 2340 τί
405 2287 500 2358 τοῦτο;
518 2282 587 2341 Οὐδὲ
609 2283 660 2362 γάρ
673 2286 687 2340 6
700 2282 799 2362 χαλκὸς
817 2289 862 2341 τοῦ
879 2287 923 2341 ἂν·

137 2371 254 2448 δριάντος
268 2374 317 2440 τῆς
331 2372 413 2441 αὐτῆς
435 2368 523 2437 οὐσίας
536 2362 568 2441 ἦν
583 2374 621 2448 τῷ
643 2373 746 2449 βασιλεῖ
755 2415 764 2443 ,
781 2373 839 2429 ἀλλ’
854 2371 924 2447 ὅμως

109 2472 114 2480 ’
137 2462 209 2533 δίκην
227 2462 321 2519 ἔδοσαν
344 2461 369 2516 ot
382 2456 577 2533 τολμήσαντες·
594 2455 661 2516 deu
681 2458 727 2517 καί
746 2457 853 2517 ἐπὶτῶν
878 2461 923 2517 ἀν-

137 2550 262 2624 θρώπων,
278 2547 361 2606 εἶκαὶ
377 2546 415 2622 μὴ
429 2550 475 2614 τῆς
489 2548 569 2615 αὐτῆς
583 2545 671 2611 οὐσίας
692 2546 742 2604 είσί
755 2549 794 2624 τῷ
814 2548 876 2624 Θεῷ
899 2550 923 2605 ot

105 2638 285 2713 2δάνθροιιτοι,
307 2632 396 2709 ὥσπερ
421 2623 465 2691 οὐν
488 2633 548 2691 οὐδέ
572 2635 647 2706 εἰσιν,
676 2636 735 2691 ἀλλ’
754 2634 824 2710 όμυις
846 2634 923 2694 εἰκὼν

139 2724 298 2794 ἐκλήθησαν,
313 2722 358 2778 καὶ
371 2721 413 2780 διδ
434 2719 481 2791 τὴν
503 2720 680 2801 προσηγορίαν
692 2721 745 2780 ἔδει
758 2727 836 2798 τιμῆς
852 2725 924 2781 σἰπο-

138 2808 226 2868 λαόειν
241 2806 391 2874 αὐτούς·σύ
406 2807 432 2865 ὐί
447 2805 514 2888 ὑπὲρ
529 2808 617 2886 ὀλίγου
630 2808 737 2886 χρυσίου
750 2819 922 2881 καταπατεῖς,

139 2896 245 2975 τίγρεις,
270 2895 370 2976 σύρεις,
385 2896 430 2954 καῖ
453 2894 577 2972 οὐδεμίαν
602 2897 704 2954 οὐδέπω
727 2895 801 2968 δίκην
825 2897 924 2965 ἔδωκας

139 3010 202 3061 τινε
254 3031 263 3047 ·

106 3092 128 3133 ιι
174 3010 283 3133 lewes
298 3069 345 3149 μὲν
359 3060 403 3129 οὐν
417 3094 476 3129 τινα
495 3070 614 3149 χρηστὴν
635 3068 681 3129 καί
706 3069 790 3139 δεξιδιν
804 3070 923 3149 γενέσθαι

140 3160 299 3237 μεταόολήν.
344 3157 448 3219 Ἐκεῖνο
466 3158 554 3235 μέντοι
569 3158 688 3238 προλέγοι
714 3159 758 3216 καί
779 3158 922 3238 διαμαρτό-

139 3272 229 3324 ρομαι,
243 3247 284 3306 ότι
299 3247 348 3305 κᾶν
363 3250 440 3305 τοῦτο
456 3247 574 3325 παρέλθῃ
595 3247 624 3304 τύ
638 3244 724 3326 νέρος,
740 3250 816 3322 ἡμεῖς
837 3247 864 3304 δὲ
879 3246 923 3304 ε’πλ

138 3339 181 3404 τῆς
193 3337 276 3405 αὐτῆς
297 3335 415 3410 μίνωμεν
431 3332 576 3412 ῥᾳθυμίας,
591 3331 672 3391 πάλιν
686 3333 776 3410 πολλῷ
797 3332 923 3411 χαλεπόν-

139 3445 198 3501 τερα
211 3423 357 3497 πεισόμεθα
369 3423 420 3478 τιῦν
435 3426 479 3478 νῦν
493 3419 726 3498 προσδοκωμένων·
739 3420 797 3478 ἐπεὶ
811 3420 857 3478 καὶ
877 3426 922 3478 νῦν

108 3513 185 3587 κούχ
206 3510 278 3569 οὕτω
299 3509 401 3567 δέδοικά
416 3513 461 3565 τοῦ
485 3507 612 3586 βασιλέως
635 3508 682 3579 τὴν
705 3507 796 3585 ὀργὴν,
817 3511 853 3573 duc
875 3507 922 3577 τὴν

140 3596 268 3674 ὑμετέραν
282 3598 386 3654 δέδοικα
402 3594 542 3674 ῥαθυμίαν.
565 3596 606 3652 Οὐ
621 3593 671 3673 γάρ
686 3595 717 3663 δὴ
730 3594 760 3652 τὸ
771 3596 922 3652 λιτανεῦσαι

140 3684 181 3741 δύο
194 3685 241 3743 καί
260 3691 328 3763 τρεῖς
341 3682 441 3761 ἡμέρας
454 3684 530 3759 σἰρκεῖ
540 3679 602 3759 πρὸς
618 3680 759 3757 ἀπολογίαν
773 3685 848 3756 ἡμῖν,
862 3682 921 3739 ἀλλ’

141 3770 279 3849 ὁλόκληρον
305 3770 345 3827 δεῖ
364 3776 410 3827 τοῦ
433 3769 490 3847 βίου
514 3768 674 3840 ποιήσασθαι
694 3767 742 3837 τὴν
763 3767 921 3844 μεταόολήν,

141 3859 241 3929 καὶτῆς
264 3856 390 3934 πονηρίας
408 3855 576 3922 ἀποστάντας
597 3854 684 3930 μένειν
701 3854 744 3913 ἐπὶ
763 3860 808 3926 τῆς
830 3858 922 3933 άρετης

109 3976 131 4013 ,0
142 3943 272 4014 διηνεκῶς.
315 3943 444 4021 Καθάπερ
460 3943 512 4022 γὰρ
526 3945 549 3999 οἱ
570 3946 718 4010 νοσοῦντες,
742 3938 774 3997 διν
798 3941 835 4018 μὴ
859 3943 922 3998 δισ-

141 4032 232 4094 παντύς
255 4032 427 4100 εὐτακτῶσιν,
453 4029 526 4087 οὐδὲν
547 4029 633 4094 αὐτοῖς
654 4027 744 4106 όρελος
770 4031 817 4097 τῆς
841 4026 920 4108 μέχρι

142 4122 215 4193 τριῶν
238 4116 256 4188 ἢ
278 4118 412 4195 τεσσάρων
436 4120 540 4193 ἡμερῶν
562 4117 728 4195 φιλοσοφίας·
746 4115 814 4174 οὕτω
829 4117 873 4176 καί
897 4121 921 4177 ot

144 4202 347 4282 despetionem,
374 4202 405 4259 ἂν
429 4204 466 4279 μὴ
491 4204 631 4267 διαπαντὸς
653 4207 830 4281 σωρρονιῦσιν,
846 4203 918 4262 οὐδὲν

144 4292 226 4358 αὐτοῖς
238 4292 310 4350 ἔσται
333 4291 412 4349 πλέον
437 4291 490 4349 άπὸ
510 4293 557 4359 τῆς
575 4289 733 4370 διορθώσεως
747 4293 798 4348 τῶν
815 4289 859 4349 δόο
875 4294 920 4351 καί

110 4395 133 4434 ιι
144 4381 216 4453 τριῶν
229 4382 344 4457 ἡμερῶν.
383 4376 492 4457 Ὥσπερ
506 4377 575 4456 γὰρ,
587 4378 677 4457 φησίν,
692 4381 706 4435 6
721 4376 918 4457 βαπτιζόμενος,

144 4455 196 4521 εἶτα
220 4469 245 4524 ἐν
258 4469 296 4544 τῷ
321 4464 439 4545 βορόόρῳ
461 4464 635 4542 μολυνόμενος
654 4465 743 4534 πάλιν,
758 4468 831 4523 οὐδὲν
847 4467 920 4544 ὠρί·

144 4551 227 4619 λησεν·
241 4550 320 4618 οὐτοις
333 4558 348 4611 6
364 4561 434 4633 τρεῖς
448 4551 549 4630 ἡμέρας
571 4553 752 4629 μετανοήσας,
774 4551 820 4609 καί
840 4552 918 4611 πάλιν

145 4639 185 4695 ἐπὶ
205 4639 237 4697 nd
256 4641 372 4720 πρότερα
394 4639 554 4716 ἐπανελθὼν,
574 4639 646 4698 οὐδὲν
669 4640 809 4718 εἰργάσατο
827 4638 915 4699 πλέον.

146 4726 295 4805 diducitur,
311 4728 374 4807 όπιρ
388 4727 428 4786 ἀεί
442 4735 575 4803 ποιοῦμεν,
591 4727 722 4786 τοῦτοκαὶ
737 4733 781 4785 νῦν
796 4726 919 4797 ποιήσω-

112 4835 200 4882 ςρμενι
222 4816 264 4874 καῖ
281 4815 332 4895 γύρ
354 4819 470 4890 σεισμῶν
496 4812 699 4873 καταλαόόντων
726 4814 852 4879 πολλάκις
874 4814 919 4872 καί

145 4899 220 4972 λιμοῦ
234 4902 277 4961 καί
291 4905 408 4982 αὐχμοῦ,
420 4904 489 4981 τρεῖς
502 4902 547 4961 καί
560 4902 689 4982 τέσσαρας
702 4902 802 4982 ἡμέρας
817 4924 918 4982 σωρρο·

146 4987 267 5057 νισθίντες
287 4993 332 5050 καί
357 4991 541 5069 ἐπιεικέστεροι
564 4990 714 5068 γενόμενοι,
734 4993 812 5048 πάλιν
829 4990 873 5048 ἐπὶ

148 5076 257 5154 πρότερα
268 5079 453 5157 ἐπανήλθομεν·
471 5079 514 5138 δεδι
529 5084 605 5139 τοῦτο
616 5080 661 5137 καί
674 5083 757 5137 ταῦτα
769 5078 915 5158 γεγένηται.

149 5159 215 5221 'all’
229 5166 250 5222 εἶ
271 5167 313 5224 καί
336 5167 373 5245 μὴ
399 5168 535 5248 πρότερον,
558 5173 603 5226 νῦν
629 5172 689 5245 γοῦν
703 5166 747 5227 ἐπί
773 5170 819 5239 τῆς
839 5169 919 5238 αὐτῆς

786 402 953 464 flottltla
969 402 1123 467 TERTIA.

1690 422 1748 476 att

969 549 1023 586 cere
1037 537 1106 599 licet,
1119 535 1207 588 etenim
1221 537 1315 588 ιειιιιιιει
1328 539 1365 589 est
1384 539 1428 590 Del
1448 540 1474 592 et
1490 539 1593 593 hominis
1605 542 1749 608 discrimen,

969 631 1088 692 qrrantum
1108 641 1178 679 nemo
1189 629 1269 680 verbis
1280 632 1369 693 poterit
1379 633 1531 695 exprimere:
1546 648 1574 684 ac
1589 638 1695 699 quotidie
1711 639 1751 690 lite

968 725 1115 774 contumelia
1125 724 1228 773 allicitur
1240 739 1344 787 precem
1354 729 1379 778 et
1389 727 1475 778 ridens
1484 732 1509 778 et
1517 730 1629 792 audiens,
1639 735 1664 781 et
1673 745 1751 795 neque

970 822 1062 873 tulmen
1074 822 1187 885 immisit,
1204 835 1283 886 neque
1301 837 1367 874 mare
1388 826 1460 887 iussit
1481 833 1569 877 terram
1590 830 1708 880 inundars
1727 834 1752 882 et

970 934 1054 971 omnes
1076 921 1243 983 submergere,
1265 934 1342 985 neque
1359 925 1449 973 terrem
1470 925 1536 976 hiare
1554 930 1580 977 et
1594 931 1751 980 temeratores

969 1017 1097 1069 absorbere
1110 1020 1248 1081 mandarit,
1261 1023 1302 1070 sed
1316 1021 1418 1083 tolerat,
1431 1026 1456 1071 et
1473 1023 1639 1086 longanimiter
1652 1030 1716 1090 agit,
1727 1032 1752 1079 et

969 1120 1064 1169 veniam
1079 1134 1106 1171 se
1123 1122 1235 1174 daturum
1257 1127 1376 1188 promittit
1397 1128 1547 1179 contumeliae
1563 1128 1715 1190 auctoribus,
1730 1130 1750 1177 ai

968 1219 1062 1267 ιιιιιιιιιι
1073 1221 1236 1281 poenitentium
1246 1226 1329 1287 agant,
1341 1231 1399 1275 etse
1409 1239 1455 1275 nnn
1466 1227 1569 1289 amplius
1581 1227 1633 1277 haec
1644 1228 1751 1277 lecturos

969 1313 1133 1374 polliceantur.
1165 1319 1228 1368 Vere
1239 1332 1303 1369 nunc
1319 1322 1414 1383 tempus
1425 1322 1573 1372 exclamandi
1592 1323 1674 1384 (Prot.
1697 1328 1748 1373 105.

969 1413 993 1476 ι)
1004 1450 1012 1476 ,
1025 1417 1087 1474 Quis
1108 1417 1231 1479 loquetur
1247 1422 1377 1482 potentius
1397 1424 1523 1471 Domlat?
1539 1422 1644 1472 auditas
1664 1422 1750 1484 sacret

967 1525 1054 1563 omnes
1076 1515 1168 1566 laudes
1189 1519 1267 1579 ejus?
1286 1521 1352 1577 Quot
1374 1521 1483 1571 homines
1502 1522 1547 1572 Dei
1566 1523 1680 1584 imagines
1702 1537 1749 1572 non

967 1610 1062 1659 tantum
1073 1610 1223 1676 dejeeemnt,
1240 1615 1283 1664 sed
1299 1616 1372 1665 etiam
1384 1617 1600 1667 conculcaverunt?
1615 1632 1670 1666 cum
1684 1619 1749 1668 enlm

969 1717 1036 1754 reum
1053 1718 1139 1768 angus,
1150 1720 1206 1758 cum
1226 1707 1356 1772 dispolies,
1377 1724 1433 1760 cum
1449 1711 1545 1774 tratum,
1560 1725 1617 1762 cum
1637 1714 1746 1776 dejicias,

968 1802 1012 1850 Dei
1026 1802 1153 1864 imaginem
1175 1805 1311 1856 conculcas.
1345 1807 1405 1857 ludi
1428 1811 1493 1859 certe
1512 1810 1613 1860 Paulum
1629 1811 1748 1863 dicentem

968 1900 1002 1959 (l.
1018 1901 1076 1948 Cor.
1092 1903 1128 1948 lt.
1137 1900 1160 1959 7)
1175 1900 1240 1962 quod
1250 1901 1322 1951 lromo
1333 1915 1381 1951 non
1391 1902 1462 1952 debet
1473 1904 1565 1965 operire
1573 1909 1661 1967 caput,
1672 1906 1749 1968 imago

968 1997 1032 2047 enim
1044 2000 1069 2048 et
1086 1998 1160 2060 gloria
1172 2001 1214 2049 Dei
1232 2003 1289 2051 est:
1306 2003 1330 2051 et
1351 2014 1434 2051 rursus
1448 2002 1527 2064 ipsum
1538 2007 1618 2053 Deum
1630 2005 1750 2056 dicentem

969 2095 1052 2159 (Gen.
1069 2103 1090 2146 ι.
1104 2098 1153 2160 ao),
1165 2101 1304 2149 Faciamus
1317 2098 1447 2151 dmntuem
1459 2102 1602 2152 secuudum
1611 2105 1750 2164 imaginem

968 2202 994 2248 et
1015 2200 1215 2251 similitudinem
1238 2205 1363 2252 uortrens
1402 2203 1428 2252 Si
1450 2215 1507 2252 vero
1530 2202 1609 2264 dicas,
1633 2217 1681 2253 non
1698 2218 1750 2254 esso

969 2293 1076 2355 eirrsdem
1092 2294 1234 2346 substantiae
1252 2296 1374 2346 homiuem
1393 2298 1467 2360 atque
1485 2300 1578 2358 Deum,
1596 2297 1654 2361 quid
1677 2299 1749 2348 lumi

968 2400 1052 2460 Neque
1067 2401 1132 2449 enim
1149 2413 1182 2449 ms
1198 2402 1285 2451 statuae
1299 2400 1405 2463 ejrrsdem
1417 2405 1455 2450 est
1466 2403 1539 2463 ειιιιιο
1550 2403 1682 2463 lmperutor
1693 2400 1749 2450 sub·

968 2495 1077 2556 stantim,
1087 2496 1127 2545 sed
1145 2499 1227 2546 tamen
1240 2496 1303 2546 lianc
1315 2496 1365 2545 aursi
1375 2496 1463 2547 loedere
1473 2511 1555 2560 poenes
1566 2496 1683 2547 dederunt
1694 2516 1700 2547 ι
1713 2497 1750 2547 sic

968 2591 993 2640 et
1004 2590 1029 2639 in
1046 2591 1198 2654 hominihus,
1210 2593 1256 2642 etsi
1274 2606 1322 2642 uon
1341 2592 1449 2654 eiusdem
1467 2607 1523 2643 eum
1540 2597 1592 2643 Deo
1609 2593 1749 2644 substantia

967 2687 1025 2735 ειιιιι
1047 2687 1168 2747 immines,
1189 2688 1252 2738 sicut
1269 2701 1312 2738 nee
1330 2693 1400 2747 sunt,
1414 2689 1497 2738 tanum
1513 2689 1592 2750 imago
1604 2689 1656 2749 eius
1669 2690 1748 2738 uocati

968 2784 1039 2844 sunt,
1060 2787 1086 2832 et
1105 2786 1203 2846 propter
1224 2782 1407 2845 appellationem
1427 2783 1492 2845 ipsos
1513 2783 1626 2834 honorem
1645 2784 1749 2845 recipere

968 2881 1101 2942 oportebat.
1134 2884 1170 2931 Τυ
1190 2894 1247 2931 rero
1270 2884 1368 2944 propter
1388 2882 1584 2945 paululumauri
1605 2883 1746 2944 conculcas,

968 2975 1049 3035 angis,
1065 2975 1151 3033 tralrts,
1163 2977 1188 3026 et
1202 2976 1292 3024 nullam
1303 2975 1384 3026 adium
1397 2990 1493 3038 poenam
1503 2977 1604 3027 dedisti!

999 3078 1022 3123 7.
1040 3075 1167 3136 contingat
1178 3075 1249 3136 igitur
1261 3074 1332 3125 trodie
1342 3075 1473 3139 quemdum
1486 3076 1574 3125 bonam
1588 3080 1613 3126 et
1624 3077 1748 3127 dexteram

968 3178 1018 3228 liert
1032 3179 1199 3229 mutationem.
1241 3180 1305 3230 Illud
1324 3183 1390 3230 certe
1409 3180 1478 3230 robis
1491 3181 1611 3243 praedico,
1625 3183 1650 3232 et
1669 3184 1749 3232 conte·

967 3285 1027 3342 stor,
1044 3286 1109 3347 quod
1132 3287 1175 3335 etsi
1191 3286 1242 3336 Ιιιεο
1255 3287 1397 3349 praeterierit
1417 3287 1508 3349 nubes,
1527 3290 1547 3338 si
1564 3303 1608 3339 nos
1626 3290 1650 3339 in
1664 3290 1749 3340 eodem

968 3394 1126 3441 manserimus
1141 3388 1250 3455 torpore,
1263 3407 1363 3444 ιιιιιυιιι
1375 3396 1454 3445 mullo
1471 3397 1520 3457 iris,
1535 3410 1591 3457 quae
1603 3397 1627 3446 in
1644 3411 1748 3459 praesen·

968 3495 1055 3543 tlarum
1069 3497 1245 3557 exspectantur,
1258 3496 1377 3567 patiemur
1385 3495 1467 3558 pejore
1477 3514 1483 3546 ε
1495 3496 1585 3557 qrrippe
1598 3509 1662 3545 nunc
1675 3497 1748 3547 eliam

966 3616 1014 3652 non
1028 3605 1121 3652 tantum
1135 3602 1370 3663 Imperatorisiram,
1381 3607 1498 3664 quantum
1507 3603 1631 3664 segnitiem
1642 3607 1748 3656 restrum

966 3707 1048 3757 timeo.
1080 3709 1133 3756 Non
1150 3706 1215 3756 enirn
1236 3706 1332 3756 duobus
1349 3710 1391 3755 aut
1408 3706 1485 3757 tribus
1505 3707 1590 3757 diebus
1602 3709 1747 3771 supplicasse

892 3860 908 3874 „
967 3813 1037 3863 nobis
1046 3813 1076 3862 ad
1084 3813 1243 3863 delensionem
1252 3813 1353 3875 suflicit,
1366 3813 1407 3864 sed
1417 3813 1512 3876 plenam
1523 3815 1579 3864 ritae
1590 3816 1747 3867 mutationem

966 3917 1016 3967 tleri
1028 3921 1135 3980 oportet,
1148 3919 1177 3967 ut
1188 3930 1203 3966 s
1215 3917 1306 3967 malitia
1317 3917 1458 3967 desistentes
1471 3917 1495 3967 ln
1510 3919 1599 3968 virtute
1609 3931 1746 3982 permanea·

966 4037 1022 4072 mus
1035 4023 1157 4074 continue.
1183 4023 1329 4074 sicutenim
1346 4026 1502 4084 egrotantes,
1515 4022 1559 4071 nisi
1576 4036 1669 4085 semper
1679 4023 1747 4074 ordi·

965 4134 1021 4180 nate
1037 4131 1152 4191 riserint,
1167 4130 1232 4179 nulle
1243 4129 1301 4193 ipsis
1316 4128 1451 4192 discipline
1467 4131 1568 4191 perires
1587 4114 1631 4179 aut
1644 4132 1747 4193 qrrstuor

965 4239 1016 4289 dies
1027 4240 1129 4288 serratos
1141 4238 1249 4313 utilitas:
1265 4238 1300 4288 sic
1311 4239 1336 4289 et
1349 4239 1484 4300 peccantes,
1498 4238 1543 4288 nisi
1563 4251 1659 4301 semper
1674 4238 1746 4290 sobrii
1757 4304 1770 4326 ο

963 4346 1025 4405 sint,
1042 4345 1100 4394 nihil
1111 4344 1216 4407 proderit
1226 4344 1282 4407 ipsis
1291 4344 1395 4394 duorum
1413 4344 1452 4394 vel
1464 4343 1538 4393 trium
1555 4345 1650 4395 dierum
1669 4360 1746 4397 corre·

965 4452 1021 4500 ctio.
1056 4453 1087 4499 Ut
1102 4450 1182 4508 enirn,
1195 4448 1289 4509 dicitur,
1301 4448 1363 4498 lotus
1372 4450 1396 4498 el
1406 4450 1488 4511 postes
1498 4449 1523 4497 in
1532 4449 1582 4498 luto
1596 4464 1692 4500 rrrrsum
1708 4452 1746 4502 ln-

964 4562 1077 4623 quinstus
1088 4558 1147 4609 nilril
1156 4558 1255 4621 proiecit
1266 4577 1272 4607 :
1282 4556 1317 4608 sic
1324 4571 1366 4621 per
1375 4561 1423 4609 tres
1432 4559 1482 4609 dies
1489 4573 1560 4622 egens
1568 4562 1744 4624 poenitentiam,

963 4669 989 4714 et
1007 4678 1103 4714 rursum
1122 4663 1152 4712 ed
1170 4662 1250 4725 priora
1268 4667 1402 4723 revertens,
1422 4663 1481 4712 nihil
1499 4664 1607 4715 lucratus
1622 4668 1666 4715 est.
1710 4669 1746 4717 tte

963 4764 1044 4825 igitur,
1059 4763 1123 4826 quod
1136 4777 1231 4825 semper
1244 4764 1359 4826 tacimus,
1372 4764 1419 4814 lroc
1434 4766 1458 4814 et
1467 4778 1532 4815 nunc
1547 4765 1668 4817 iaciamus.
1702 4770 1745 4817 ιιι-

963 4869 1028 4918 enim
1041 4870 1109 4919 terrra
1119 4868 1224 4919 motibus
1237 4869 1323 4932 saepius
1337 4870 1605 4932 comprehendentibus,
1615 4873 1639 4920 et
1650 4870 1712 4920 lame
1720 4875 1745 4919 et

885 4988 919 5047 τὰ
962 4966 1084 5027 siccitate,
1098 4966 1176 5016 tribus
1193 4966 1232 5016 nel
1254 4971 1358 5030 quatuor
1369 4966 1454 5018 diebus
1468 4966 1584 5018 moderati
1596 4969 1620 5017 et
1632 4979 1743 5017 mansue·

963 5072 1037 5123 tiores
1047 5071 1115 5133 iacti,
1129 5083 1212 5121 rursus
1222 5069 1251 5120 ad
1264 5071 1343 5134 priora
1362 5071 1490 5132 rediimus,
1502 5073 1673 5134 proptereaque
1692 5070 1745 5121 truc

964 5172 1111 5224 acciderunt.
1144 5172 1190 5223 sed
1213 5173 1233 5223 si
1253 5186 1300 5223 non
1324 5172 1403 5236 prius,
1421 5186 1484 5223 nunc
1506 5172 1591 5224 mitem
1611 5172 1635 5223 ln
1660 5171 1743 5224 eadem
