3892 5867
191 449 326 530 (wal

191 572 253 653 ρίρε
278 571 322 630 ίπί
343 570 392 643 τὴν
412 571 535 651 πρότερον
562 571 737 651 προσηγορίαν
768 571 896 644 ίλθόντες,
917 571 963 631 καί

190 660 287 730 ταύτης
308 658 355 727 τὴν
376 658 508 735 σημασίαν
533 658 662 729 εἰπόντες,
686 659 900 735 καταπαύσωμεν
920 659 964 717 τὸν

190 746 281 823 λόγον·
296 745 361 812 τέως
373 744 399 803 δέ
410 746 530 826 ἀνωτέρω
541 747 631 824 μικρὸν
643 745 690 819 τὴν
706 747 875 804 διδασκαλίαν
896 746 967 804 έλκύ·

191 856 289 908 σωμεν.

163 938 177 974 ε
231 919 311 980 Ἐστι
327 919 356 978 τό
370 918 453 979 κοινόν
467 919 588 978 ἀποίντων
607 918 750 998 ἀνθρώπων
763 920 869 998 λουτρόν
882 919 911 979 rb
924 921 966 978 διδι

190 1011 244 1066 τῶν
257 1006 495 1087 βαλανείων,θτδν
515 1012 560 1066 τοῦ
572 1006 693 1084 σώματος
708 1009 872 1086 ἀποσμήχων
893 1007 967 1066 εἴωθε

192 1095 287 1175 ῥύπον·
311 1095 367 1153 ἔστι
387 1095 413 1154 δὲ
436 1095 482 1153 καί
501 1094 608 1174 λουτρὸν
629 1092 790 1171 Ἰουδαϊκόν,
802 1094 900 1153 ἐκείνου
919 1095 967 1170 μὲν

192 1183 365 1262 σεμνότερον,
377 1187 422 1239 τοῦ
438 1183 465 1241 δὲ
481 1186 526 1252 τῆς
541 1184 646 1262 χοίριτος
666 1181 733 1240 πολίι
746 1183 908 1262 κατώτερον·
923 1184 967 1242 καλ

193 1271 257 1331 αὐτό
271 1271 318 1349 μίν
332 1270 383 1349 γάρ
398 1270 547 1344 σωματικὸν
562 1268 714 1349 ἀποσμήχει
729 1270 824 1350 ῥύπον,
840 1273 898 1329 ἀλλ’
919 1272 968 1348 οὐχ

153 1376 179 1415 1⁰
193 1359 283 1423 ἁπλῶς
303 1356 467 1434 σωματικὸν,
498 1356 566 1415 ἀλλά
590 1357 634 1414 καί
658 1356 799 1423 συνειδότος
822 1358 967 1431 ἀπτόμενον

192 1447 321 1511 ἀσθενοῦς.
361 1438 439 1503 Ἐστι
452 1442 502 1521 γὰρ
513 1442 599 1501 πολλὰ
610 1446 661 1499 τῶν
675 1442 853 1522 πραγμάτων,
865 1443 882 1500 δ
893 1443 968 1522 ρύσει

193 1533 241 1607 μέν
263 1534 310 1589 οῦκ
326 1530 394 1588 έατιν
415 1531 567 1608 ἀκάθαρτα,
584 1529 636 1588 ἀπὸ
655 1530 682 1587 δὲ
708 1535 752 1600 τῆς
768 1529 901 1596 ἀσθενείας
921 1534 968 1587 τοῦ

193 1618 335 1682 συνειδότος
358 1618 493 1695 ἀκάθαρτα
514 1617 627 1692 γίνεται·
648 1618 694 1675 καί
714 1617 832 1695 καθάπερ
853 1618 968 1675 ἐπὶτῶν

193 1707 306 1765 παιδίων
324 1705 356 1764 ελ
369 1713 521 1784 προσωπεῖα
534 1705 579 1763 καί
593 1702 625 1761 τίς
638 1706 717 1764 λοιπά
732 1729 766 1781 μο
785 1705 910 1778 μολύιιεια
922 1704 969 1783 ρύ·

154 1808 179 1847 ιο
194 1815 234 1850 σει
250 1789 297 1869 μέν
320 1794 367 1849 οὐκ
384 1792 437 1849 ἔστι
452 1790 568 1870 γοῦερά,
595 1791 693 1870 φοόερόι
709 1793 735 1850 δὲ
759 1729 825 1850 εῦναι
840 1795 892 1858 τοῖς
908 1816 970 1850 παι·

194 1878 256 1944 δέοις
269 1882 339 1936 δοκεῖ
362 1877 404 1935 bl
427 1877 474 1947 τὴν
490 1882 534 1948 τῆς
549 1877 648 1957 μύσεως
667 1878 816 1950 ἀσθένειαν,
841 1878 969 1937 οὕτωκαὶ

193 1967 237 2024 ἐπὶ
252 1966 347 2024 τούτων
366 1954 403 2021 ὧν
418 1955 508 2037 εἷπον,
526 1957 577 2021 οἷον
593 1966 621 2022 τὸ
636 1970 732 2045 νεκρῶν
749 1966 865 2046 ἅψασθαι
880 1964 970 2041 σωμό-

192 2077 260 2124 των,
276 2052 351 2131 φύσει
367 2052 414 2127 μὲν
426 2053 472 2109 οὔκ
485 2053 552 2110 ἔστιν
569 2053 729 2129 ἀκοίθαρτον,
740 2051 801 2110 όταν
813 2052 839 2109 δέ
851 2056 970 2117 ἀσθενοῦς

193 2139 350 2210 ίπιλοίόητοιι
360 2139 517 2209 συνειδότος,
531 2139 676 2217 ἀκοίθαρτον
687 2147 755 2198 ποιεῖ
767 2139 809 2196 τὸν
822 2139 966 2218 ἁψόμενον.

151 2240 179 2278 ²⁰
193 2226 258 2289 Ὅτι
272 2230 321 2306 γθρ
336 2232 381 2286 ούκ
396 2228 465 2285 ἔστιν
487 2227 631 2305 ἀκοίθαρτον
645 2227 719 2305 φύσει
735 2229 764 2286 τὸ
779 2237 906 2305 πρᾶγμα,
924 2229 969 2283 αὖ·

197 2317 240 2382 τθς
254 2321 268 2374 ὁ
281 2323 363 2374 ταῦτα
375 2313 558 2388 διαταξάμενος
575 2317 692 2384 Μωῦσῆς
705 2314 848 2387 ἐδήλωσεν,
865 2316 969 2385 ὁλόκλη-

195 2428 237 2484 ρον
253 2404 435 2483 ἐπιφερόμενος
450 2404 506 2476 μεθ’
520 2404 612 2457 ἑαυτοῦ
630 2401 717 2479 νεκρὸν
738 2401 781 2458 τθν
794 2401 909 2480 Ἰοιαὴρ,
923 2402 968 2459 καὶ

194 2490 278 2566 μόνοιν
297 2491 416 2566 καθαρός.
458 2486 509 2546 Διόι
533 2491 608 2544 τοῦτο
629 2487 674 2545 καί
697 2492 799 2553 Ιίαῦλος
825 2493 886 2563 ἡμῖν
909 2487 968 2565 περὶ

193 2579 240 2645 τῆς
256 2575 417 2653 ἀκαθαρσίας
431 2574 527 2644 ταύτης
541 2575 721 2651 διαλεγόμενος
734 2578 779 2645 τῆς
792 2576 820 2631 οῦ
836 2574 911 2654 φύσει
929 2597 967 2650 γι·

154 2680 182 2718 as
197 2662 322 2738 νομίνης,
339 2660 408 2720 ἀλλά
424 2662 457 2717 δι’
477 2659 609 2718 ἀσθένειαν
632 2665 677 2716 τοῦ
693 2659 849 2729 συνειδότος,
872 2660 968 2719 οὑτωσί

194 2748 249 2813 πώς
276 2770 368 2828 φησιν·
396 2774 408 2798 ι
427 2746 511 2806 Οθδίν
537 2747 620 2804 κοινὸν
644 2745 675 2804 δι’
695 2750 800 2817 ἑαυτοῦ,
822 2750 843 2804 εί
873 2747 909 2821 μδ,
930 2751 967 2824 τῷ

193 2835 350 2915 λογιζομένῳ
371 2858 398 2891 τι
420 2833 504 2892 κοινόν
520 2823 593 2890 εἶναι.
614 2860 626 2884 ν
676 2833 757 2913 Ὁρᾷς
779 2833 825 2904 τὴν
854 2838 966 2913 ἀκαθαρ-

193 2921 251 2979 σίαν
267 2925 313 2980 οῦκ
338 2919 391 2980 ἀπὸ
408 2926 455 2991 τῆς
472 2927 518 2979 τοῦ
537 2920 691 2999 πράγματος
709 2921 825 2994 φύσεως,
839 2921 896 2978 ἀλλ’
914 2921 966 2978 ἀπὸ

100 3025 109 3040 ·
193 3013 239 3079 τῆς
263 3008 394 3075 ἀσθενείας
410 3013 456 3066 τοῦ
481 3010 605 3084 λογισμοῦ
627 3008 778 3084 γινομένην,
802 3008 852 3067 Καὶ
877 3010 965 3078 πάλιν,

151 3113 180 3152 w
194 3124 206 3148 ι
225 3095 317 3156 Ποίντα
331 3096 378 3172 μὲν
394 3094 511 3172 καθαρὰ,
533 3093 601 3151 ἀλλίι
623 3095 702 3153 κακὸν
725 3098 762 3173 τῷ
776 3095 904 3173 ἀνθρώπῳ
931 3098 967 3175 τῷ

144 3187 147 3190 ’
194 3183 237 3240 brt
258 3184 458 3261 προσκόμματος
489 3181 609 3241 ἐσθίοντι.
639 3209 651 3232 ν
692 3180 793 3261 [Ὁρᾷς
817 3184 857 3241 ότι
880 3187 909 3242 οὐ
938 3185 968 3241 τὸ

194 3266 305 3338 ἐσθίειν,
327 3266 396 3324 ἀλλὰ
417 3268 447 3325 τό
462 3268 504 3325 διὰ
519 3266 724 3345 προσκόμματος
742 3270 852 3337 ἐσθίειν,
866 3270 877 3345 ]
892 3273 967 3327 τοῦτο

194 3354 277 3413 αἴτιον
288 3353 462 3432 ἀκαθαρσίας.
505 3353 561 3423 Τὴν
582 3353 703 3425 τοιαύτην
722 3355 804 3411 τοίνυν
823 3357 917 3425 κηλῖδα
938 3356 967 3414 rb

195 3440 338 3499 Ἰουδαϊκὸν
361 3440 499 3517 ίξικοίθαρε
515 3441 634 3518 λουτρόν·
656 3441 685 3498 τό
705 3440 732 3499 δέ
749 3445 793 3511 τῆς
814 3443 918 3521 χάριτος
938 3445 967 3500 οὐ

151 3544 179 3583 ab
195 3528 332 3600 τοιαύτην,
348 3529 417 3586 ἀλλά
429 3526 475 3597 τὴν
491 3526 570 3593 όντως
589 3529 763 3605 ἀκαθαρσίαν,
780 3530 827 3598 τὴν
842 3530 908 3605 μετίι
924 3536 967 3588 τοῦ

195 3618 315 3692 σώματος
331 3617 419 3693 καὶτῇ
433 3618 507 3695 ψυχῇ
525 3616 624 3685 πολλὴν
637 3619 778 3674 ἐντιθεῖσαν
791 3619 837 3688 τὴν
860 3618 965 3686 κηλῖδα·

193 3704 222 3761 οῦ
237 3702 287 3782 γδρ
301 3701 360 3768 τοὺς
379 3707 476 3781 νεκρῶν
494 3702 641 3782 ἁψαμένους
654 3703 802 3777 σωμάτων,
818 3703 886 3761 ἀλλά
909 3704 967 3771 τοθς

191 3794 287 3869 νεκρῶν
308 3790 425 3867 πράξεων
441 3790 603 3869 ἁψαμένους,
618 3788 722 3856 τούτους
736 3801 804 3849 ποιεῖ
825 3791 965 3871 καθαρούς·

193 3878 242 3937 κάν
262 3881 393 3954 μαλακὸς,
407 3879 456 3936 κᾶν
470 3869 592 3956 πόρνοςῇ
614 3900 668 3948 τις,
690 3878 739 3937 κάν
759 3879 965 3960 εἰδωλολάτρης,

151 3981 180 4020 tu
193 3964 241 4024 κᾶν
255 3969 336 4024 ὁτιοῦν
353 3966 519 4043 εἰργασμένος
530 3964 611 4023 δεινὸν
621 4009 629 4036 ,
641 3964 688 4022 κᾶν
703 3965 806 4024 ἀπαααν
817 3966 863 4037 τὴν
881 3970 906 4024 ἐν
919 3971 967 4024 ἀν-

192 4053 302 4131 θρώποις
316 4055 441 4132 πονηρίαν
457 4054 523 4132 ἔχων
540 4045 574 4132 ᾖ,
589 4052 710 4128 ἐμπεσὼν
724 4056 759 4118 είς
773 4053 820 4124 τὴν
834 4058 885 4111 τῶν
900 4055 967 4112 btt-

192 4165 243 4199 των
257 4141 457 4218 κολυμῦήθραν,
467 4146 517 4199 τῶν
533 4144 650 4212 ἡλιακῶν
665 4142 843 4221 καθαρώτερος
855 4143 965 4201 ἀκτίνων

192 4229 288 4287 ἄνεισιν
301 4230 354 4288 ἀπὸ
367 4234 418 4287 τῶν
428 4231 501 4290 θείων
515 4231 648 4304 ναμοίτων.
692 4230 745 4289 Καὶ
755 4230 797 4288 ίνα
810 4231 846 4306 μὴ
857 4232 965 4308 νομίσῃς

191 4315 292 4390 κόμπον
313 4308 379 4375 εἶναι
395 4316 429 4375 rii
448 4318 589 4392 λεγόμενα,
605 4318 714 4374 ἄκουσον
729 4317 834 4375 Παύλου
848 4317 964 4394 λέγοντος

151 4418 178 4457 tt
191 4405 251 4483 περὶ
266 4408 312 4474 τῆς
323 4410 367 4462 τοῦ
382 4407 489 4482 λουτροῦ
505 4404 651 4480 δυνάμεως·
666 4432 677 4456 ι
694 4403 739 4473 tlt-l,
753 4403 964 4463 πλανᾶσθε·οῦτε

191 4491 390 4569 εἰδωλολάτραι,
401 4490 459 4549 οὔτε
470 4492 570 4569 πόρνοι,
584 4489 642 4547 οὔτε
656 4491 759 4568 μοιχοί,
773 4490 830 4549 οὔτε
841 4492 963 4566 μαλακοί,

191 4577 249 4635 οὔτε
263 4579 448 4656 ἀρσενοκοῖται,
457 4578 514 4636 οῦτε
528 4576 691 4647 πλεονέκται,
702 4581 730 4634 οὐ
745 4577 863 4654 μέθυσοι,
874 4579 965 4636 ούλοί·

191 4665 271 4742 δοροι,
281 4668 331 4743 οὐχ
345 4671 460 4745 ἅρπαγες
473 4664 606 4745 βασιλείαν
617 4670 686 4722 (θεοῦ
697 4664 930 4741 κληρονομήσουσι.
948 4693 961 4718 ο

193 4753 247 4811 Καὶ
256 4751 282 4810 τί
296 4759 370 4811 τοῦτο
379 4753 442 4833 πρὸς
453 4752 486 4810 τίς
497 4752 631 4830 εἰρημένα,
645 4752 724 4831 μηοίς
735 4757 763 4811 τὸ
775 4755 825 4830 γάρ
836 4753 962 4830 ζητούμε-

151 4850 179 4890 10
190 4861 233 4896 νον
248 4838 344 4914 δεῖξαι,
358 4842 380 4899 εί
402 4840 488 4899 ποίντα
503 4839 650 4917 ἐκκαθαίρει
661 4848 740 4899 ταῦτα
756 4844 772 4910 ἠ
787 4845 831 4899 τοῦ
853 4842 961 4917 λουτροῦ

191 4921 307 5001 δύναμις.
326 4927 428 4985 Οὐκοῦν
444 4927 554 4985 ἄκουσον
566 4931 616 4984 τῶν
630 4926 721 4997 ἔξῆ<·ι
736 4928 787 4987 Καί
801 4929 884 4986 τοῦτοί
899 4951 964 4995 τινες

191 4999 964 5091 ἧτε,ἀλλ’ἀπελούσασθε,ἀλλίθγιοίοθητι,ἀλλ’ἐδικαιώθητε

191 5099 218 5153 tr
228 5100 265 5176 τῷ
274 5099 383 5174 ὀνόματι
396 5107 441 5159 τοῦ
454 5101 548 5179 Κυρίου
559 5105 633 5171 ἡμῶν
649 5100 735 5172 Ἰησοῦ
751 5105 863 5181 Χριστοῦ
878 5104 922 5161 καί
938 5106 963 5160 ἐν

192 5187 229 5261 τῷ
243 5185 376 5261 ΙΙνεύμττι
390 5193 434 5245 τοῦ
448 5189 517 5246 θεοῦ
532 5193 617 5264 ἡμῶν.
635 5218 645 5238 ν
661 5189 752 5265 ’ίίμιῐς
761 5189 806 5266 μέν
819 5192 960 5268 θπιοχνού-

842 420 1122 510 ιιιεοιιεειει.

1735 459 1793 510 565

1015 581 1099 630 amatis
1111 582 1308 643 appellationibus
1320 582 1479 641 insinuamus,
1492 595 1535 643 age
1547 581 1576 631 ad
1592 582 1695 645 primum
1705 593 1792 629 οοιιιειι

1018 665 1121 730 reversi,
1138 671 1237 731 ejusque
1250 669 1364 730 oxirlicata
1378 670 1562 732 significatione,
1572 682 1707 719 ιετιιιοιιειιι
1727 668 1792 716 trula-

1020 769 1073 805 moc
1095 771 1101 798 ε
1121 757 1218 805 iuterim
1247 770 1303 806 vcro
1331 757 1401 819 paulo
1422 758 1535 819 superius
1567 757 1700 807 doctrluam
1728 768 1793 817 repa·

1018 849 1105 893 tamus.
1156 833 1162 844 ’

1046 935 1091 981 brt
1103 945 1232 980 conaurune
1250 931 1358 988 omnium
1378 931 1503 980 loomioum
1519 932 1639 980 lavacrum
1658 931 1716 981 illul
1737 932 1788 980 bal·

1022 1044 1136 1090 acorum,
1147 1031 1211 1094 quod
1229 1033 1334 1093 corporis
1348 1031 1430 1081 sordes
1441 1032 1501 1080 solet
1516 1032 1613 1080 abluere
1627 1047 1633 1080 τ
1646 1035 1681 1081 εει
1697 1037 1721 1081 et
1733 1032 1795 1079 lara·

1020 1144 1089 1180 crum
1114 1129 1271 1190 Jodaeorum,
1293 1131 1334 1180 illo
1358 1131 1456 1191 uiridem
1483 1131 1619 1189 honestius,
1642 1132 1684 1180 sad
1711 1103 1793 1191 gratim

1017 1231 1113 1280 lavacro
1135 1231 1204 1292 Ιοιιηο
1223 1203 1321 1280 iuferius
1338 1246 1344 1279 :
1362 1235 1384 1280 el
1407 1232 1452 1279 boc
1472 1232 1535 1280 enim
1560 1245 1687 1292 corporeas
1709 1231 1792 1279 sordes

1015 1331 1107 1392 abluit,
1124 1331 1168 1380 sed
1186 1344 1233 1379 noo
1252 1331 1391 1392 simpliciter
1405 1343 1545 1391 corporeas,
1568 1344 1653 1380 uerum
1673 1332 1745 1380 ctiam
1763 1333 1793 1378 orl

1016 1430 1166 1480 conscientiae
1181 1430 1345 1479 infirmitatem
1359 1429 1460 1490 attingit.
1493 1432 1554 1478 uam
1572 1430 1656 1478 multae
1669 1443 1706 1478 res
1721 1432 1793 1488 suot,

1016 1532 1099 1576 natura
1113 1525 1211 1587 qiridam
1224 1539 1272 1574 uon
1287 1526 1434 1583 immurulaa,
1451 1524 1491 1573 scd
1509 1537 1565 1586 qum
1584 1526 1722 1574 infirmitate
1733 1539 1790 1574 cou-

1017 1627 1123 1676 scientim
1136 1625 1272 1674 alliciuntur
1289 1625 1429 1672 imioumtm.
1463 1629 1496 1673 ltc
1512 1625 1575 1673 sicut
1588 1625 1611 1672 io
1625 1624 1705 1686 moeris
1716 1625 1789 1672 larvu-
1853 1683 1859 1692 Ι

1017 1728 1142 1787 ceteraque
1158 1722 1269 1772 terricula
1280 1729 1366 1770 natura
1384 1722 1479 1783 quidum
1493 1721 1649 1771 formidabilia
1663 1735 1710 1771 oon
1721 1726 1794 1781 sont,

1017 1825 1057 1872 sed
1075 1824 1129 1872 talia
1143 1824 1221 1884 pueris
1233 1823 1265 1871 ob
1281 1826 1374 1870 uoluam
1391 1822 1577 1871 imbecillitatem
1590 1835 1642 1872 asae
1659 1822 1768 1871 ridentur
1786 1841 1792 1868 ι

1016 1923 1052 1970 ric
1063 1928 1088 1971 et
1101 1923 1124 1971 iu
1137 1923 1163 1970 iis
1174 1935 1228 1985 qum
1241 1924 1290 1996 diii
1301 1939 1307 1982 ;
1320 1923 1423 1985 exempli
1439 1936 1510 1971 causa
1522 1926 1617 1970 mortua
1627 1935 1726 1984 corpora
1738 1935 1793 1969 coo·

1017 2023 1121 2084 lingere,
1133 2029 1217 2071 uatrrra
1232 2022 1328 2083 quidem
1341 2036 1388 2070 ιιοο
1401 2025 1437 2072 cst
1452 2023 1615 2075 iiumuudum.
1632 2037 1714 2071 verum
1726 2023 1745 2071 si
1765 2025 1789 2069 iit

1018 2122 1120 2170 iullruuc
1135 2123 1286 2170 couscientia}
1298 2123 1434 2184 contingat,
1444 2122 1595 2170 immundum
1609 2124 1665 2171 iacit
1677 2137 1732 2171 euru
1744 2127 1788 2185 qui

1017 2224 1101 2284 tetigil.
1136 2222 1205 2281 Qiiorl
1217 2223 1280 2270 anim
1292 2221 1349 2269 illud
1363 2225 1448 2270 natura
1464 2235 1510 2270 uou
1521 2223 1551 2269 sit
1567 2221 1731 2279 immundum,
1742 2222 1793 2284 ipsc

1015 2325 1055 2384 qui
1071 2324 1146 2382 Ιιγςειιι
1160 2324 1213 2370 tulit
1229 2322 1467 2383 ltorsesdeclaravit,
1479 2323 1519 2382 quii
1531 2324 1654 2372 mortuum
1662 2324 1793 2385 loscrrluuu

1016 2435 1098 2470 secum
1120 2423 1220 2481 detulit,
1240 2425 1355 2470 ettamen
1368 2421 1474 2469 mundus
1489 2422 1611 2470 remansit.
1644 2421 1701 2471 idco
1720 2423 1793 2471 etiam

1016 2521 1103 2569 Paulus
1115 2519 1145 2569 ilc
1164 2519 1314 2570 imruunrlitia
1331 2520 1467 2581 hujusmodi
1484 2521 1597 2582 loquens,
1615 2535 1670 2583 qum
1685 2535 1731 2569 non
1753 2535 1792 2570 uo·

1014 2621 1082 2679 tura,
1100 2621 1141 2670 scd
1162 2623 1299 2671 inliimitolc
1316 2622 1466 2671 conscientian
1490 2623 1593 2683 accidit,
1619 2627 1651 2672 lta
1682 2625 1787 2686 loquitur

1014 2721 1103 2782 (bom.
1120 2724 1155 2770 tl.
1173 2724 1197 2769 u
1209 2725 1217 2783 )
1230 2737 1236 2769 :
1250 2722 1325 2772 u‘tlrit
1344 2735 1477 2772 commune
1488 2737 1535 2787 per
1549 2737 1576 2774 se
1592 2728 1677 2787 ipsum
1688 2729 1738 2774 nist
1750 2730 1787 2786 et,

1012 2823 1058 2883 qui
1069 2823 1202 2870 existimat
1214 2823 1278 2885 quial
1287 2836 1489 2873 coiumuueesse.
1521 2824 1605 2874 vidco'
1615 2826 1790 2874 immunditiam

1014 2928 1062 2965 non
1075 2930 1104 2967 ex
1122 2919 1156 2967 roi
1173 2921 1323 2981 uatoia,sod
1338 2935 1367 2970 εκ
1382 2924 1533 2983 cogitationis
1551 2924 1714 2975 imbecillitate
1731 2940 1789 2976 con·

1013 3015 1092 3064 trabi?
1105 3024 1138 3067 ltc
1153 3032 1250 3067 rursum
1263 3019 1368 3081 (ibim),
1380 3024 1472 3071 Omnia
1482 3024 1585 3085 quidem
1596 3029 1658 3074 suut
1671 3026 1788 3075 brunda:

1013 3116 1058 3165 sed
1073 3118 1174 3166 multuo
1184 3123 1222 3169 est
1235 3120 1333 3169 bomini
1343 3157 1350 3180 ,
1362 3124 1408 3184 qut
1419 3135 1465 3183 per
1476 3123 1665 3183 offendiculum
1679 3127 1789 3175 mundu-

1013 3218 1064 3263 cat.
1098 3214 1107 3277 Ῐ
1120 3216 1203 3265 Videu’
1222 3217 1286 3278 qood
1309 3232 1355 3265 ιιοιι
1376 3219 1461 3282 cdere,
1487 3222 1529 3268 scil
1555 3236 1597 3284 per
1617 3225 1791 3273 ouanutmtom

1012 3313 1183 3378 calorelcausa
1200 3316 1231 3364 sit
1255 3316 1429 3368 immunditiae?
1440 3322 1463 3368 3.
1475 3319 1556 3369 Talem
1579 3322 1651 3383 igilur·
1670 3325 1790 3373 maculam

1012 3413 1152 3463 tuilaaorum
1166 3414 1289 3463 lavacrum
1306 3416 1452 3466 eitiundobat
1459 3436 1467 3479 ;
1478 3421 1502 3468 al
1512 3421 1594 3480 gratim
1606 3422 1729 3473 lavacrum
1743 3439 1790 3474 uon

1014 3514 1086 3559 tatem
1096 3549 1103 3572 ‚
1115 3513 1156 3561 sod
1173 3526 1226 3561 eam
1240 3527 1296 3576 qum
1310 3526 1364 3562 vora
1377 3516 1530 3570 immunditia
1543 3522 1684 3571 stammam
1699 3529 1722 3572 at
1736 3538 1787 3572 cor·

1016 3622 1060 3671 pus
1069 3623 1212 3672 magnopore
1226 3612 1317 3675 inticil3
1329 3627 1376 3663 nou
1388 3615 1451 3664 cuim
1465 3619 1557 3679 eosqui
1573 3626 1669 3668 mortua
1681 3634 1788 3684 οοιγιοιο,

1014 3707 1055 3755 sert
1075 3711 1116 3770 qui
1140 3715 1235 3760 mortua
1253 3725 1326 3773 opera
1341 3717 1499 3778 contingunt,
1513 3720 1616 3768 muudus
1639 3691 1704 3770 lacit.
1738 3727 1786 3773 Etsi

1014 3805 1107 3866 mollis,
1117 3808 1163 3855 atsi
1179 3808 1306 3857 lomicator
1317 3810 1369 3870 quis
1382 3812 1461 3871 luerit,
1469 3815 1512 3861 elsi
1523 3813 1656 3876 idololatra,
1665 3819 1708 3866 etsi
1719 3821 1788 3880 qrrirl·

1013 3901 1049 3948 iis
1065 3901 1121 3950 mali
1138 3903 1236 3960 lecerit,
1250 3904 1295 3952 etsi
1307 3906 1411 3953 bumana
1423 3907 1488 3955 omui
1500 3909 1605 3969 nequitia
1615 3911 1699 3971 plenus
1708 3913 1755 3972 sit,
1766 3917 1786 3962 si

1013 4001 1036 4048 iu
1052 4002 1165 4062 piscinam
1175 4016 1290 4064 aquarum
1303 4005 1568 4066 intraverit,solaribus
1581 4009 1652 4058 radiis
1664 4014 1745 4072 pririor
1758 4029 1788 4063 ex

1011 4100 1098 4148 divinis
1119 4103 1215 4151 ttuuuts
1235 4105 1350 4153 ascendit.
1384 4108 1419 4155 Nc
1440 4120 1496 4156 roro
1513 4113 1580 4170 putcc
1595 4111 1657 4159 tastu
1674 4114 1788 4174 quopiam

1012 4196 1063 4243 llaec
1077 4199 1190 4259 proferri,
1202 4200 1258 4247 aurii
1274 4201 1376 4250 Paulum
1386 4203 1416 4252 de
1427 4203 1515 4252 lauacri
1527 4205 1615 4256 rirlotc
1628 4207 1679 4256 lioec
1691 4208 1788 4272 loquiu-

1011 4300 1058 4343 tom
1075 4301 1113 4356 (ι.
1128 4303 1183 4348 Cor.
1197 4307 1222 4348 ο.
1235 4307 1258 4350 9.
1276 4303 1320 4360 tlt)
1335 4316 1340 4348 :
1358 4301 1443 4351 u‘olite
1453 4314 1543 4352 errare
1559 4319 1567 4352 .·
1583 4317 1665 4368 neque
1680 4307 1787 4358 idolota·

1011 4401 1072 4458 taur,
1088 4413 1170 4462 oeque
1177 4399 1368 4462 fornicatores,
1390 4416 1472 4466 neque
1486 4404 1617 4468 adulteri,
1629 4421 1711 4472 neuile
1722 4412 1788 4459 urol-

1011 4496 1062 4557 les,
1086 4513 1168 4562 ueque
1193 4502 1368 4551 musculorum
1386 4504 1574 4565 concubitores,
1592 4520 1674 4570 neque
1695 4516 1787 4570 avari,

1010 4609 1091 4660 aeque
1101 4600 1208 4662 ebriosi,
1223 4613 1304 4664 περιτο
1314 4603 1444 4664 ruulecltci,
1456 4617 1537 4667 neque
1546 4619 1667 4670 rapaces,
1680 4623 1787 4670 aequum

1011 4704 1058 4751 Del
1072 4702 1250 4765 possidebunt.
1287 4703 1350 4760 Qoiu
1365 4703 1417 4753 hacc
1436 4705 1465 4754 ad
1486 4708 1646 4769 propositum,
1671 4711 1788 4772 inquies?

1010 4803 1075 4866 quod
1099 4803 1216 4864 quaeritur
1236 4803 1349 4864 ostenda,
1369 4818 1399 4854 au
1420 4775 1510 4855 scilicet
1530 4807 1615 4858 lavacri
1635 4808 1711 4858 virtus
1731 4809 1783 4860 baso

1011 4907 1091 4956 omniu
1111 4907 1234 4958 emundet.
1268 4909 1328 4956 Audi
1350 4909 1431 4971 itaque
1452 4923 1479 4960 ca
1501 4925 1556 4973 ηοω
1580 4915 1714 4974 sequuntur
1732 4916 1784 4972 (ib.

1012 5021 1034 5057 r.
1053 5015 1076 5058 tt
1089 5010 1096 5068 )
1110 5023 1116 5057 :
1133 5012 1167 5058 Et
1181 5008 1235 5058 buc
1251 5010 1360 5072 quidum
1373 5009 1465 5064 fuistis
1481 5012 1642 5062 :sedulitati
1654 5016 1727 5073 estis,
1741 5016 1786 5064 sed

1009 5103 1168 5157 surrctlucuti
1183 5106 1258 5163 estis,
1276 5105 1320 5153 secl
1328 5105 1473 5168 justificati
1488 5110 1549 5156 estis
1565 5111 1592 5155 lu
1614 5112 1716 5158 ιιοιιιιιισ
1736 5114 1782 5159 Do·

1010 5203 1071 5248 miui
1088 5202 1170 5249 nostri
1181 5203 1243 5249 Jcsu
1256 5200 1351 5250 t'brlsli
1364 5205 1389 5250 at
1399 5206 1425 5250 iu
1436 5204 1535 5264 spiritu
1550 5205 1593 5253 Dei
1611 5208 1703 5254 uoslri.
1736 5209 1784 5257 llos
