3892 5867
135 418 164 494 b
183 416 202 489 ri

133 547 190 605 ἀλλά
201 543 244 602 καί
264 543 294 601 τὸ
307 542 457 619 γράμμασιν
470 540 602 607 ἐντεθῆναι
615 536 659 595 καῖ
675 546 741 595 πᾶσι
754 546 806 603 τοῖς
816 538 887 613 γίνε·

132 641 183 692 σθαι
198 632 318 706 μέλλουσι
329 629 370 685 διὰ
384 631 431 695 τῆς
442 627 580 693 ἐπιστολῆς
589 626 765 703 παραδοθῆναι
778 625 886 699 ταύτης,

131 720 166 780 ἐπ’
180 716 254 786 αὐτὴν
279 717 420 792 βαδιοῦμαι
446 711 536 769 λοιπὸν
557 709 604 780 την
631 710 770 777 ἀπόδειξιν.
812 711 887 770 Μετά

130 806 173 883 γάρ
184 808 231 861 τῶν
250 800 393 880 εἰρημένων
405 798 450 857 καί
461 797 549 873 ἕτερον
563 800 610 855 οὐκ
619 797 725 856 ἔλαττον
737 797 887 874 διαποροῦσί

109 911 200 961 trinea,
213 893 345 961 ζητοῦντες
355 885 420 964 πρὸς
433 883 538 949 ἑαυτοὺς
552 883 618 948 τίνος
634 880 718 940 ἕνεκεν
735 882 887 961 συνεχώρη-

129 1003 166 1037 σεν
178 982 191 1035 δ
203 976 268 1041 Θεὸς
282 974 362 1053 ἄνδρα
375 971 505 1042 τοσαύτην
520 968 613 1048 ἔχοντα
629 969 795 1048 παρρησίαν,
809 959 838 1026 ού
855 966 887 1025 τά

129 1070 183 1125 iura
195 1064 238 1123 καλ
252 1062 287 1120 τὰ
302 1062 412 1141 λείψανα
427 1057 553 1135 δαίμονας
573 1058 734 1127 ἀπήλαυνεν,
755 1060 887 1137 ἀρρωστιᾳ

128 1153 222 1229 τοιαύτη
244 1154 410 1225 περιπεσεῖν·
428 1145 457 1202 οὐ
475 1143 525 1220 γὰρ
545 1143 635 1208 ἁπλῶς
656 1143 753 1214 ἐνόσει,
773 1143 831 1199 ἀλλ’
847 1144 887 1200 ἀει

128 1240 165 1297 καί
179 1240 313 1309 διηνεκῶς,
328 1234 372 1291 καὶ
393 1233 537 1302 ἐπάλληλοι
550 1229 596 1288 καλ
618 1238 733 1308 συνεχεῖς
756 1231 783 1286 αἱ
803 1233 887 1309 ἀρρω-

99 1342 118 1380 1o
129 1326 188 1383 στίαι
198 1325 254 1381 οὐδὲ
265 1321 359 1398 μικρὸν
369 1322 441 1397 αύτῷ
451 1318 616 1396 παρέχουσαι
628 1318 761 1377 ἀναπνεῖν.
803 1319 886 1375 Πόθεν

127 1417 192 1468 τοῦτο
204 1412 279 1476 δῆλον
291 1429 300 1479 3
311 1406 359 1473 Ἐξ
373 1408 458 1463 αὐτῶν
470 1408 522 1462 τῶν
532 1408 577 1461 τοῦ
592 1404 699 1462 Παύλου
713 1403 884 1479 γραμμάτων·

127 1498 206 1575 ούγάρ
217 1489 272 1553 εἶπε
288 1493 339 1553 Διά
349 1493 397 1562 τὴν
411 1490 562 1562 ἀσθένειαν,
579 1490 646 1546 ἀλλά
663 1516 675 1542 a
689 1491 739 1548 Auis
749 1489 794 1555 τὰς
812 1494 887 1548 dobe-

126 1582 198 1650 νείας,
217 1610 230 1634 ι
248 1582 296 1639 καὶ
312 1580 370 1641 οὐδὲ
386 1579 475 1643 ἁπλῶς
488 1575 631 1648 ἀσθενείας,
651 1577 719 1635 ἀλλά
738 1575 769 1633 τδ
783 1576 888 1654 συνεχὲς

127 1674 198 1730 σύτῶν
218 1673 306 1741 δηλῶν
326 1672 399 1745 ἔλεγε
418 1693 431 1720 ε
449 1666 506 1732 'lle
527 1665 625 1732 πυκνάς
651 1687 697 1721 σου
712 1665 852 1729 ἀσθενείας.
870 1691 883 1715 ι

98 1761 287 1819 ῐνλκοοέτωσαν
302 1759 358 1817 ὅσοι
381 1764 471 1834 μακρᾷ
492 1755 678 1832 παραδοθέντες
692 1753 759 1832 νόσῳ
777 1754 885 1810 δυσανα·

126 1847 293 1926 σχετοῦσικαλ
316 1842 533 1920 ἀπαγορεύουσιν.
576 1840 617 1899 Ού
641 1844 717 1896 τοῦτο
738 1837 767 1896 δέ
789 1838 887 1897 ἔστιτὸ

127 1934 267 2010 ζητούμενον
284 1932 378 2007 μόνον,
390 1929 429 1987 ὅτι
441 1929 513 2004 άγιος
528 1927 563 1984 ὢν
573 1925 667 1993 ἐνόσει,
683 1925 728 1983 καὶ
740 1924 820 1990 οὕτως
832 1924 887 1983 ἐνό-
934 1976 937 1983 ,

126 2044 158 2079 σει
170 2025 297 2099 συνεχῶς,
309 2019 369 2077 ἀλλ’
384 2017 423 2075 ὅτι
438 2016 484 2074 καί
499 2015 532 2072 τά
544 2012 617 2072 κοινά
629 2016 675 2083 τῆς
689 2012 841 2086 οἰκουμένης
853 2005 884 2084 ἦν

126 2105 354 2181 ἐμπεπιστευμένος
364 2104 519 2182 πράγματα.
564 2104 596 2160 Εἰ
610 2099 719 2177 μὲνγὰρ
731 2089 767 2164 εἷς
780 2100 885 2156 ἐκείνων

97 2187 151 2265 ’θέα
163 2199 209 2254 τῶν
223 2198 258 2260 εἷς
277 2194 325 2259 ri<
347 2190 459 2270 κορυσράς
479 2192 531 2245 τῶν
547 2185 626 2263 ὀρέων
646 2184 885 2263 ἀνακεχωρηκότων

126 2283 220 2341 καὶτῶν
235 2282 281 2339 ἐπὶ
297 2285 344 2350 τῆς
358 2277 467 2357 ἐρημίας
481 2273 597 2342 aetiten
615 2270 770 2347 πηξαμένοιν
783 2272 827 2329 καλ
842 2274 884 2329 τὀν

126 2370 268 2447 ἀπράγμονα
290 2372 379 2424 τοῦτον
396 2362 566 2441 ἀνῃρημένων
587 2359 658 2437 βίον,
679 2362 726 2416 οὐκ
740 2349 771 2427 ἦν
788 2359 885 2437 άπορον

60 2484 61 2487 ’
127 2455 193 2523 οὕτως
206 2458 233 2513 τὸ
245 2454 419 2527 ζητούμενον·
433 2450 462 2507 τὸ
479 2449 504 2505 δέ
523 2450 557 2513 είς
578 2445 656 2520 μέσον
671 2444 884 2523 προῦεόλημένυν

126 2544 162 2600 καὶ
174 2545 300 2602 τοσούτων
311 2540 478 2609 Ἔκκλησιῶν
494 2532 719 2613 ἐγκεχειρισμένον
732 2534 884 2610 φροντίδας,

97 2629 164 2685 ttan't
181 2629 263 2693 πόλεις
287 2625 444 2701 ὁλοκλήρους
456 2623 501 2679 καλ
524 2622 583 2690 ἔθνη
599 2620 644 2677 καλ
666 2617 712 2687 τὴν
732 2620 886 2693 οἰκουμένην

127 2716 216 2774 ἅπασαν
237 2714 305 2791 μετά
326 2712 454 2778 τοσαύτης
473 2708 594 2767 διέποντα
618 2704 764 2782 προθυμίας
786 2727 815 2762 τε
839 2705 885 2763 καλ

126 2810 241 2878 σπουδῆς,
264 2811 297 2883 τῇ
328 2808 373 2873 τῆς
396 2801 542 2880 ἀρρωστίας
559 2798 667 2873 ιοἰνοίγκιρ
690 2797 884 2873 παραδοθῆναι,

125 2894 189 2951 τοῦτο’
205 2896 261 2950 ἐστι
274 2892 304 2949 τδ
323 2890 439 2966 μάλιστα
453 2887 557 2945 πάντων
577 2883 666 2942 ἱκανὸν
684 2881 829 2960 θορυόῆσαι
841 2883 885 2939 τὸν

127 2978 156 3050 μὴ
165 2979 334 3056 προσέχοντα.
379 2978 412 3033 Et
426 2975 476 3051 γὰρ
492 2973 538 3030 καί
551 2971 588 3046 μὴ
601 2969 634 3029 δι’
648 2969 751 3045 ἑαυτὸν,
768 2967 811 3026 διὰ
825 2973 886 3044 γοῦν

97 3080 119 3122 tt
127 3065 174 3133 nri<
182 3069 273 3131 ἀλλους
284 3064 378 3132 αὐτὸν,
391 3063 468 3141 φησὶν
475 3102 484 3127 ,
498 3062 576 3137 ἐχρῆν
587 3057 722 3135 ὑγιαίνειν.
766 3056 886 3134 Στρατη·

126 3145 198 3229 γδςῆν
212 3153 329 3228 ἄριστος,
344 3149 456 3219 πολεμος
472 3149 542 3224 αὐτῷ
557 3142 777 3222 συνεκεκρότητο,
793 3166 883 3222 φησιν,

126 3242 174 3318 οῖχὶ
186 3240 248 3321 πρὸς
261 3238 319 3303 τοὺς
341 3235 464 3299 ἀπίστους
479 3233 570 3309 μόνον,
592 3232 659 3287 ἀλλὰ
685 3231 730 3287 καὶ
747 3229 811 3309 πρὸς
826 3228 885 3296 τοὺς

128 3329 239 3403 δαίμονας
257 3325 301 3382 καὶ
324 3324 387 3400 πρὸς
404 3320 481 3378 αὐτὸν
503 3319 545 3376 τδν
559 3317 693 3376 διάόολον·
709 3314 776 3390 μετά
788 3317 886 3388 πολλῆς

127 3419 164 3482 τῆς
174 3413 341 3493 σροδρότητος
349 3412 372 3468 οἱ
381 3408 500 3481 πολέμιοι
510 3404 604 3470 πάντες
614 3404 745 3461 ἐπέκειντο
757 3404 886 3460 διασπῶν-

99 3511 161 3567 8τες
170 3502 196 3560 τδ
209 3494 382 3577 στρατόπεδον
402 3495 447 3553 καῖ
465 3493 714 3571 αἰχμαλωτίζοντες·
732 3481 804 3556 οὗτος
817 3490 885 3560 ἠδύ-

128 3612 178 3646 νατο
199 3588 302 3665 μυρίους
325 3586 369 3642 ἐπὶ
395 3583 443 3653 τὴν
470 3583 592 3649 ἀλήθειαν
621 3583 811 3655 ἐπαναγαγεῖν,
841 3577 886 3635 καὶ

128 3676 225 3742 ἠσθένει.
268 3676 300 3733 Ei
314 3671 365 3749 γάρ
378 3673 422 3729 καὶ
437 3668 570 3743 μηδεμία,
588 3666 682 3745 φησίν,
696 3664 770 3742 ἑτέρα
795 3663 881 3741 βλάόη

128 3771 170 3826 τοῖς
179 3762 324 3837 πράγμασιν
337 3757 390 3816 άπδ
403 3761 449 3825 τῆς
463 3754 609 3833 ἀρρωστίας
624 3750 736 3829 ἐγίνετο,
748 3757 824 3808 τοῦτο
836 3750 884 3825 μό·

128 3870 162 3904 νον
176 3848 260 3906 innuis
275 3839 307 3918 ἦν
321 3843 381 3909 τούς
393 3840 500 3906 πιστούς
516 3838 698 3916 ὀκνηροτέρους
709 3836 754 3893 καί
770 3838 886 3915 ραθυμο-

101 3950 120 3988 li
131 3934 204 4012 ῑίρους
224 3939 343 4004 ποιῆσαι.
389 3933 422 3990 Ei
436 3930 486 4005 γάρ
503 3931 662 4005 στρατιῶται
681 3923 726 3981 τὸν
740 3922 884 3999 στρατηγὸν

129 4024 164 4080 τὀν
175 4026 266 4081 ἑαυτῶν
280 4024 389 4099 δρῶντες
407 4021 440 4096 τῇ
453 4016 527 4093 κλίνῃ
542 4010 761 4090 προσδεδεμένον,
775 4009 885 4087 θκνηρό·

129 4131 187 4185 τεροι
210 4110 322 4187 γίνονται
346 4104 391 4163 καὶ
417 4105 481 4180 πρὸς
510 4101 557 4171 τὴν
585 4098 674 4177 μάχην
699 4096 885 4176 ραθυμότεροι·

131 4199 208 4275 πολλῷ
223 4199 322 4272 μᾶλλον
339 4191 407 4258 einis
421 4183 452 4263 ἧν
465 4189 509 4249 καὶ
522 4185 582 4252 τοὺς
595 4182 703 4249 πιστούς
714 4184 773 4241 τότε
792 4183 835 4240 τὸν
848 4185 886 4241 δι·

132 4283 243 4342 θάσκαλον
262 4286 376 4363 ὁρῶντας
399 4277 442 4335 τὸν
463 4280 578 4333 τοσαῦτα
598 4281 695 4347 σημεῖα
709 4268 886 4348 ἐργασάμενον

102 4380 122 4421 il
132 4377 229 4447 συνεχῶς
243 4373 425 4450 ἀρρωστοῦντα
439 4362 484 4422 καί
493 4362 522 4420 τὸ
537 4365 613 4435 σῶμα
628 4360 776 4433 κάμνοντα,
789 4355 887 4433 ἀνθρώ-

132 4439 228 4517 anien
240 4464 339 4515 παθεῖν.
381 4454 421 4512 Οὐ
430 4453 513 4507 ταῦτα
526 4446 552 4504 δὲ
565 4446 658 4521 μόνον,
670 4441 738 4502 ἀλλά
749 4442 793 4501 καὶ
803 4441 888 4518 ἔτερόν

133 4565 153 4599 τι
163 4546 217 4623 πρὸς
227 4549 279 4611 τοῖς
293 4541 437 4620 εἰρημένοις
448 4538 471 4593 οἱ
487 4538 570 4591 ταῦτα
581 4535 761 4610 διαποροῦντες
773 4532 887 4599 ζητοῦσι·

135 4630 191 4695 τίνοι
210 4635 257 4710 γὰρ
282 4630 367 4689 ίνεκεν
388 4626 467 4683 πάλιν
494 4622 552 4681 οὗτε
577 4619 652 4685 αὐτὸς
674 4616 780 4691 ἑαυτὸν,
800 4614 890 4673 ούτεύ

135 4716 273 4784 διδάσκαλος
285 4717 361 4774 αύτδν
373 4714 441 4772 ούτω
454 4708 614 4786 διακείμενον
626 4705 811 4785 ἐθεράπευσεν,
821 4704 889 4760 ἀλλά

106 4818 127 4855 it
135 4806 224 4882 νεκρούς
237 4805 283 4883 μὶν
293 4805 396 4881 ἤγειρον
406 4845 415 4877 ,
426 4800 471 4858 καῖ
482 4798 605 4870 δαίμονας
616 4795 744 4866 ἤλαυνον,
754 4792 799 4849 καὶ
813 4790 890 4848 θανά·

137 4913 174 4947 τον
188 4892 250 4965 perir
264 4889 412 4972 περιουσίας
423 4885 564 4963 ἐκράτουν,
580 4885 656 4958 σῶμα
671 4880 698 4938 δέ
711 4879 737 4937 ἓν
752 4874 891 4950 ἠσθενηκδς

138 4979 330 5058 οίιθιόιρθωσαν,
348 4978 407 5034 ἀλλ’
421 4977 447 5033 ἐν
463 4970 608 5049 ἀλλοτρίοις
622 4967 727 5044 σώμασι
742 4966 786 5025 καὶ
801 4967 892 5031 ζῶντες
948 4994 951 4997 ·

137 5066 174 5120 καῖ
187 5063 389 5134 τετελευτηκότες
401 5057 529 5130 τοσαύτην
543 5053 746 5131 ίπιδεδειγμένοι
764 5050 889 5125 δύναμιν,

138 5152 252 5233 στόμαχον
264 5148 444 5212 καταπεσόντα
458 5148 505 5207 ούκ
517 5143 676 5214 ἀνέστησαν·
688 5140 732 5199 καλ
746 5138 776 5198 τὸ
790 5138 822 5207 δὴ
835 5143 891 5213 raei-

744 408 911 469 nonina
936 407 1068 469 Pblbil.

1560 430 1562 433 '
1648 425 1703 476 888

933 540 974 586 tur
992 541 1016 588 et
1028 538 1058 586 nd
1068 551 1152 588 omnes
1170 540 1278 602 parterm
1292 553 1334 603 per
1345 541 1406 590 banc
1423 542 1547 607 epistolam
1562 544 1682 601 deveniret
1697 569 1703 598 ι

933 636 962 685 ad
977 638 1114 701 ipsamjam
1132 640 1295 701 probationem
1309 643 1440 692 veniemus.
1475 644 1511 693 bd
1526 647 1577 695 bmo
1595 651 1657 697 enirn
1677 651 1707 700 da

933 734 979 783 sila
992 748 1087 797 ηοοοιιο
1099 750 1125 786 re
1137 751 1183 786 nou
1192 739 1271 788 minua
1284 740 1349 800 gravi
1360 740 1471 792 dubitent
1484 743 1590 805 quidam,
1602 746 1666 796 intra
1682 763 1708 799 se

932 835 1130 896 quaerentesque
1148 835 1178 884 de
1196 848 1270 885 causa
1287 837 1420 899 permiserit
1439 841 1504 890 Deus
1524 843 1602 892 virum
1616 848 1707 893 taniam

933 926 1060 977 habentem
1082 933 1239 994 potestatem,
1260 932 1329 994 cujus
1349 948 1403 983 oasa
1418 937 1443 985 et
1461 936 1568 999 reliquiae
1586 939 1708 990 demones

863 1055 870 1075 ι
933 1026 1093 1088 expellerent,
1113 1028 1138 1077 in
1165 1029 1300 1090 hujusmodi
1321 1031 1486 1093 aegritudinem
1508 1034 1621 1086 innidere.
1653 1040 1706 1086 lton

877 1141 883 1162 ι
933 1124 997 1171 euim
1008 1124 1093 1174 leviter
1104 1126 1251 1187 aegrotabat,
1269 1126 1310 1176 sed
1324 1140 1418 1191 semper
1429 1133 1454 1179 et
1465 1130 1592 1192 continue,
1602 1132 1644 1180 sed
1662 1134 1706 1183 ire·

932 1223 1035 1282 quenles
1054 1227 1079 1271 et
1097 1223 1167 1284 juges
1192 1227 1261 1273 erant
1271 1226 1324 1286 ejus
1346 1225 1512 1288 infirmitates,
1536 1242 1566 1278 ue
1579 1231 1705 1280 minimum

932 1321 1029 1384 quidem
1040 1323 1118 1384 ipsum
1130 1324 1244 1387 respirare
1257 1326 1423 1376 concedentes.
1455 1328 1525 1378 Unde
1538 1328 1583 1379 boc
1601 1330 1702 1379 manile·

932 1424 1013 1471 siunai
1025 1426 1062 1472 Ex
1083 1423 1206 1485 ipsisque
1228 1425 1318 1474 Paulus
1337 1425 1441 1487 scripsit.
1472 1430 1524 1477 lion
1537 1428 1600 1477 enim
1619 1428 1680 1479 divit
1699 1444 1706 1479 :

932 1526 1032 1587 Propter
1048 1525 1227 1588 infirmitatem,
1248 1526 1290 1575 sed
1306 1530 1417 1588 Propter
1432 1526 1614 1589 infirmitatem
1627 1541 1707 1590 neque

932 1622 1079 1684 simpliciter,
1094 1626 1193 1687 Propter
1204 1623 1368 1685 infirmitates,
1379 1624 1420 1673 sed
1432 1624 1536 1685 ipsarum
1546 1627 1707 1675 corulinuatio·

933 1732 988 1767 nem
1004 1719 1140 1780 significans
1153 1720 1261 1781 dicebat,
1274 1725 1432 1784 Frequenter
1451 1724 1512 1770 tuns
1528 1720 1707 1784 infirmitates.

932 1817 1037 1865 studiant
1056 1818 1097 1880 qui
1114 1820 1228 1867 diuturno
1248 1818 1328 1867 traditi
1345 1819 1467 1880 languori,
1487 1833 1549 1881 aegre
1576 1821 1657 1870 ierunt
1682 1822 1709 1871 et

932 1916 1018 1965 animis
1032 1916 1169 1966 concidunt.
1193 1920 1246 1967 lton
1255 1918 1333 1966 solum
1346 1920 1426 1967 autern
1439 1918 1485 1968 boc
1497 1920 1607 1981 estquod
1619 1920 1707 1981 quaeri·

933 2024 982 2075 tur,
997 2014 1060 2077 quod
1072 2028 1126 2064 cum
1139 2017 1201 2064 esset
1211 2018 1322 2076 mucius,
1335 2015 1464 2076 agrotabat
1473 2053 1480 2075 ,
1490 2018 1514 2065 et
1526 2017 1560 2065 sio
1572 2018 1708 2083 frequenter

932 2113 1078 2173 agrotabat,
1098 2111 1139 2160 sed
1154 2112 1226 2160 etiam
1251 2112 1317 2174 quod
1342 2111 1438 2173 publica
1459 2113 1526 2160 orbis
1546 2114 1639 2174 negotia
1660 2113 1706 2176 ipsi

932 2212 1000 2258 erant
1020 2209 1118 2258 credite.
1151 2209 1176 2259 Si
1193 2208 1256 2258 enim
1271 2222 1333 2257 unus
1347 2211 1409 2257 esset
1425 2209 1521 2258 iliorum
1538 2206 1618 2270 quiin
1636 2224 1707 2260 mon·

933 2311 993 2358 tium
1007 2309 1106 2358 vertices
1115 2308 1275 2369 secesserunt,
1286 2306 1359 2369 etqui
1371 2308 1395 2355 in
1404 2307 1530 2358 solitudine
1536 2309 1634 2359 cellulas
1641 2323 1706 2359 corn-

933 2409 1063 2468 pegeruut,
1076 2412 1100 2455 et
1114 2406 1188 2455 vitam
1198 2405 1288 2455 ilioma
1305 2405 1405 2467 negotiis
1423 2404 1524 2454 alienam
1536 2411 1706 2469 susceperunt,

933 2518 981 2553 non
1000 2510 1060 2553 esset
1072 2507 1120 2554 tam
1139 2502 1234 2552 dillicile
1245 2502 1312 2564 qrrud
1330 2503 1465 2565 quaeritur:
1480 2503 1504 2551 in
1521 2503 1627 2553 mediana
1644 2517 1703 2552 vero

933 2609 1088 2666 provectum,
1106 2605 1131 2652 el
1148 2605 1183 2650 iot
1202 2601 1364 2651 Ecclesiarum
1383 2614 1453 2650 curus
1466 2600 1592 2650 trahentem
1603 2601 1706 2651 creditas

932 2704 992 2764 sibi,
1011 2706 1035 2752 el
1052 2700 1125 2750 urbas
1143 2703 1206 2750 totas
1226 2702 1345 2760 algentes
1365 2701 1480 2748 otiolum
1491 2701 1608 2749 terrarum
1621 2698 1704 2747 orbem

932 2805 1001 2852 tanta
1017 2815 1073 2850 curn
1089 2799 1215 2849 sedulitate
1227 2801 1251 2847 et
1261 2798 1340 2846 studio
1352 2797 1568 2855 administrantem,
1578 2796 1703 2845 lniirmitu·

935 2907 964 2954 tls
981 2902 1114 2955 necessitati
1126 2901 1241 2950 traditum
1262 2911 1327 2959 esse,
1342 2899 1387 2948 lroc
1401 2902 1438 2948 est
1455 2898 1520 2959 quod
1535 2899 1641 2947 inarime
1655 2910 1707 2946 orn·

933 3006 998 3054 nium
1015 3008 1039 3054 ln
1052 3007 1173 3067 stuporem
1187 3015 1256 3063 agero
1274 3003 1353 3062 potest
1368 3013 1416 3050 non
1427 3002 1538 3049 attentos.
1571 2998 1622 3049 Etsi
1638 2978 1701 3048 eninr

846 3143 853 3163 ,
933 3120 980 3155 uon
994 3107 1090 3167 propter
1105 3116 1146 3163 se,
1160 3103 1244 3151 saltem
1257 3101 1353 3163 propter
1366 3098 1440 3159 aiios,
1452 3098 1547 3160 inquit,
1560 3097 1639 3158 ipsum
1660 3109 1701 3146 va·

932 3208 980 3255 iere
991 3204 1123 3267 oportebat.
1155 3206 1288 3264 Imperator
1307 3202 1359 3249 erat
1372 3200 1501 3261 optimus:
1521 3197 1611 3248 bellurn
1627 3197 1658 3247 ab
1677 3211 1705 3247 eo

932 3310 1062 3357 condatum
1076 3311 1127 3356 erat
1143 3318 1190 3354 non
1205 3308 1288 3353 eontra
1299 3303 1407 3352 inlideles
1415 3304 1524 3361 tanturn,
1537 3302 1579 3351 sed
1589 3306 1613 3351 et
1622 3303 1707 3350 contra

931 3414 1053 3461 dmrnoues
1070 3418 1095 3461 et
1107 3413 1192 3460 contra
1212 3408 1293 3470 ipsum
1314 3405 1451 3464 diabolum
1467 3404 1544 3454 muita
1559 3416 1614 3453 cum
1633 3404 1706 3456 veluc-

931 3521 1019 3569 rnentia
1031 3518 1111 3567 bosies
1122 3529 1206 3565 omnes
1220 3513 1354 3575 urgebant,
1367 3510 1507 3573 dissipantes
1525 3510 1660 3559 exercitum
1683 3514 1708 3560 et

932 3623 955 3670 in
971 3618 1132 3682 captivitatem
1143 3614 1281 3672 trabentes;
1292 3611 1331 3660 bic
1344 3610 1449 3659 indultos
1459 3609 1489 3657 ad
1500 3610 1623 3658 veritatem
1636 3609 1708 3657 redu·

931 3736 984 3772 cere
993 3720 1088 3782 poterat
1096 3731 1103 3766 ι
1111 3719 1135 3767 et
1149 3713 1287 3778 aegrotabat.
1298 3711 1348 3761 Etsi
1358 3710 1432 3770 enim,
1443 3710 1535 3771 inquit,
1544 3711 1636 3760 nullum
1646 3725 1708 3773 prm·

932 3828 994 3873 terea
1005 3821 1119 3870 damnum
1134 3830 1165 3867 εκ
1178 3816 1224 3865 bac
1234 3812 1370 3863 infirmitate
1382 3810 1453 3860 rebus
1464 3811 1600 3873 inferretur,
1616 3824 1644 3861 ea
1654 3813 1705 3873 ipra

931 3925 981 3973 sola
990 3921 1071 3972 ildeles
1080 3918 1193 3983 pigriores
1204 3918 1229 3966 et
1238 3913 1379 3975 torpidiorea
1393 3910 1491 3960 reddere
1500 3912 1602 3971 poterat.
1612 3912 1672 3960 lium
1685 3912 1706 3960 sl

934 4024 1024 4073 milites
1047 4021 1132 4070 drumm
1151 4028 1223 4065 suum
1241 4014 1302 4063 iectu
1321 4010 1420 4060 altinum
1435 4010 1574 4069 cernentes,
1586 4008 1707 4069 segniores

933 4127 994 4175 bunt
1005 4129 1030 4174 et
1045 4122 1076 4171 ad
1091 4131 1194 4184 pugnarn
1209 4113 1339 4173 tardiores;
1351 4112 1427 4160 multo
1441 4110 1514 4170 magis
1526 4122 1568 4170 par
1585 4112 1636 4158 erat
1647 4109 1707 4159 lide·

934 4228 966 4275 ira
986 4228 1158 4286 preceptorem
1179 4220 1215 4268 tot
1227 4216 1292 4277 signa
1310 4217 1435 4274 operaturo
1455 4208 1576 4259 intuentes
1593 4211 1707 4259 continue

933 4327 1088 4386 egrotantem
1104 4322 1130 4370 et
1157 4314 1264 4377 corporis
1285 4311 1369 4360 morbo
1388 4308 1551 4368 laborantem,
1573 4307 1706 4356 humanum

934 4426 1048 4491 quiddam
1065 4432 1118 4470 esse
1144 4424 1276 4482 perpessos.
1306 4412 1357 4460 llec
1375 4421 1435 4465 uero
1458 4407 1511 4457 lanc
1539 4408 1648 4465 tantum,
1664 4407 1706 4456 sed

934 4534 1020 4595 praeter
1031 4528 1081 4589 iam
1093 4522 1157 4572 dicta
1166 4518 1238 4569 etiam
1248 4514 1313 4565 aliud
1323 4512 1438 4575 quiddam
1447 4510 1471 4559 bi
1484 4509 1595 4558 dubitant
1604 4510 1629 4557 et
1639 4522 1708 4571 qun·

934 4632 991 4680 runt
1005 4647 1012 4679 ε
1026 4636 1128 4690 quanam
1146 4620 1177 4670 de
1196 4629 1269 4667 causa
1291 4626 1386 4664 rursum
1402 4622 1479 4672 nequa
1498 4609 1550 4671 lpse
1568 4620 1608 4666 se,
1630 4620 1709 4669 noque

935 4739 1010 4801 ipsius
1022 4735 1155 4798 preceptor
1164 4728 1198 4776 ita
1210 4686 1346 4773 mniectnm
1355 4715 1466 4766 curavit?
1481 4712 1523 4763 sed
1533 4718 1642 4762 mortuos
1654 4711 1708 4772 qui·

936 4838 991 4887 dem
1005 4830 1166 4886 suscitabant,
1176 4825 1202 4876 et
1210 4823 1332 4872 deamones
1344 4814 1476 4878 pellebant,
1490 4814 1515 4861 et
1527 4812 1628 4861 mortem
1641 4809 1710 4858 laciia

938 4933 1080 4992 vincebant,
1089 4940 1164 4978 unum
1176 4936 1233 4974 vero
1244 4931 1332 4983 corpus
1341 4917 1459 4977 egrotum
1467 4925 1515 4961 non
1527 4906 1707 4963 instaurabant3

937 5037 978 5090 sed
988 5036 1030 5099 qui
1042 5034 1073 5091 in,
1082 5028 1166 5080 alienis
1177 5022 1318 5088 corporibus
1326 5020 1353 5070 et
1366 5015 1475 5066 virentes
1486 5013 1511 5060 et
1520 5007 1608 5060 mortrui
1618 5008 1709 5054 tantam

939 5136 1070 5189 extribuere
1084 5131 1211 5186 virtulem,
1226 5120 1378 5175 stomacburn
1391 5116 1482 5177 ispsurn
1494 5122 1542 5159 uon
1554 5102 1709 5157 relevabant:
