3892 5867
117 425 252 506 ωωι

113 557 155 619 ἽΙ
168 582 200 616 τε
216 557 271 638 γὰρ
282 556 360 616 πενία
373 556 419 615 καλ
431 555 461 615 τὸ
473 555 555 633 μηδὲν
566 556 632 623 όλως
644 556 713 636 ἔχειν
725 559 852 639 έπιτρίθει
866 566 910 619 τοῦ

112 649 247 723 σώματος
262 649 354 710 αὐταῖς
368 644 401 703 τδι
414 646 564 720 νοσήματα·
583 646 649 716 αὐτό
661 670 689 704 τε
704 648 785 705 πάλιν
799 654 815 720 ἡ
834 651 910 706 πενία

112 736 169 794 ὑπὸ
194 736 297 794 τούτων
319 731 495 813 χαλεπωτέρα
520 733 621 809 γίνεται
649 734 694 791 καί
721 736 909 815 ἀρορητστέρα.

112 822 184 882 Ἐπί
200 821 252 892 τὴν
265 820 364 879 τούτων
381 819 466 887 ἔξελθε
481 818 573 899 θήραν,
587 820 633 878 καί
651 822 747 884 ταύτας
764 823 909 900 συνάγαγε·

80 931 94 966 c
114 912 225 987 μᾶλλον
242 907 271 966 δὲ
283 906 342 966 οὐδὲ
357 906 437 965 πόνου
449 930 491 964 σοι
506 908 545 965 δεῖ
556 908 618 986 πρὸς
632 910 681 978 τὴν
693 910 831 987 συλλογήν·
843 909 910 969 οὕτω

112 997 278 1075 πρόκεινται
288 1004 370 1053 πᾶσιν
378 992 477 1069 ἕτοιμοι
487 999 539 1060 τοῖς
551 997 715 1072 βουλομένοις
726 996 812 1075 ὀρέξαι
821 999 907 1078 χεῖρα.

111 1083 179 1144 Κάν
192 1082 323 1163 χρήματα
340 1081 416 1160 ἔχῃς,
432 1083 467 1147 εἷς
482 1080 579 1148 ταύτας
593 1083 757 1154 δαπάνησον·
769 1083 819 1142 κάν
831 1085 909 1164 ἴσχυ-

111 1172 157 1251 ρὸς
172 1163 222 1245 ἧς,
238 1175 352 1230 ἐνταῦθα
373 1170 420 1239 τὴν
444 1169 555 1228 ἀπὸτοῦ
570 1171 690 1246 σώματος
703 1173 845 1250 ὑπηρεσίαν
860 1176 910 1231 εἰσ-

109 1240 225 1336 ένεγκε*
261 1258 349 1316 πολλὰ
380 1256 426 1315 καί
454 1259 564 1316 ἐνταῦθα
592 1260 738 1338 πράγματα
761 1260 838 1340 ὄψει,
864 1261 909 1319 καί

67 1372 93 1408 ιο
109 1351 276 1424 σωματικῆς
295 1345 405 1421 δεόμενα
426 1345 568 1424 ὑπηρεσίας
591 1347 636 1404 καὶ
656 1349 802 1427 χρημάτων
822 1349 905 1407 δαπά·

109 1461 161 1506 νης
192 1435 242 1493 καί
267 1436 437 1512 περιδρομῆς.
492 1433 546 1492 liet
570 1433 620 1513 γάρ
646 1435 778 1510 οἰκήματα
802 1436 908 1516 πορίσαι

107 1523 227 1587 ταύταις
244 1523 336 1600 ἔργον,
350 1521 394 1577 καὶ
412 1519 540 1598 φάρμακα
555 1522 768 1594 κατασκευάσαι,
787 1523 833 1581 καί
850 1523 907 1581 κλί·

108 1635 160 1680 νην
179 1610 229 1667 καί
244 1611 339 1683 ἱμάτια
357 1607 497 1686 πρίασθαι,
510 1607 555 1665 καὶ
569 1609 665 1688 τρορδις
681 1610 849 1699 ἐπιτηδείους,
862 1612 907 1669 καὶ

108 1698 146 1755 τὰ
170 1697 245 1755 ἄλλα
267 1696 372 1753 ἅπαντα
388 1695 585 1770 ἐπιμελεῖσθαι,
606 1695 656 1753 κᾶν
679 1697 741 1754 δέκα
761 1700 812 1755 ὠσι
829 1699 908 1773 μόναι

68 1809 93 1846 ιε
110 1787 140 1842 αἱ
154 1786 194 1842 τότ
212 1788 324 1842 τοιαῦτα
340 1787 475 1840 νοσοῦσαν·
490 1783 544 1839 νυνὶ
566 1783 622 1854 δὲἡ
641 1784 716 1849 πολις
729 1789 795 1857 ἡμῖν
808 1785 906 1842 τούτοιν

109 1873 324 1950 ἐμπέπλησται,
346 1869 390 1927 καὶ
403 1869 491 1948 χιλίας
513 1869 559 1927 καί
582 1870 618 1936 δὶς
633 1871 761 1937 τοσαύτας
780 1871 905 1951 εῦρήσεις.

110 1954 204 2021 Airai
232 1963 262 2017 ol
286 1960 407 2034 δεόμεναι
435 1958 613 2038 προστασίας,
642 1951 719 2017 αῦται
747 1962 774 2017 αἱ
796 1959 905 2039 ἔρημοι,

109 2041 196 2106 αθται
210 2050 238 2105 αἱ
248 2047 337 2126 χαμαὶ
348 2046 481 2121 κείμεναι·
494 2051 570 2103 τοῦτο
582 2046 760 2122 ἐλεημοσύνη,
774 2054 850 2106 τοῦτο
863 2071 907 2128 φι-

108 2135 283 2216 λανθρωπία,
300 2138 376 2191 τοῦτο
390 2135 425 2200 είς
447 2133 523 2201 δόξαν
544 2133 672 2193 διαὸαίνει
692 2139 778 2207 Θεοῦ,
799 2137 845 2195 καὶ
859 2139 905 2206 τὴν

67 2248 95 2285 το
108 2228 164 2282 τῶν
186 2221 311 2304 δρώντων
331 2221 377 2279 καὶ
397 2219 445 2290 τὴν
466 2225 517 2277 τῶν
540 2222 696 2300 πασχόντων
715 2223 761 2282 καί
784 2223 831 2293 τὴν
854 2229 906 2282 τῶν

108 2313 263 2370 ποιούντων
292 2309 420 2389 ὠφέλειαν
448 2310 649 2378 κατασκευάζει.
703 2311 755 2369 Καὶ
779 2310 830 2392 γὰρ
854 2316 905 2369 τῶν

109 2402 232 2480 ἰσχυρῶν
247 2402 274 2455 αἱ
287 2396 470 2474 ἀσθενέστεραι
483 2397 642 2475 δικαιότερον
658 2397 689 2455 ἀν
703 2401 846 2475 βοηθσῐντο,
860 2400 905 2456 καὶ

108 2492 163 2545 τῶν
183 2487 253 2544 νέων
269 2488 297 2543 αἱ
317 2492 507 2562 γεγηρακυῐαι,
522 2484 567 2541 καὶ
588 2487 639 2541 τῶν
661 2483 727 2551 ὅλως
749 2486 843 2566 μέτρια
861 2509 904 2544 κε-

109 2574 254 2652 κτημένων
267 2578 294 2632 αἱ
308 2573 375 2649 μηδὲ
396 2578 441 2644 τῆς
456 2573 602 2650 ἀναγκαίας
619 2574 775 2652 εὐποροῦσαι
790 2580 903 2655 τρορῆς,

70 2685 95 2722 τε
109 2663 156 2721 καὶ
181 2666 236 2719 τῶν
252 2661 325 2741 παρλ
344 2662 450 2726 πολλοῖς
465 2660 616 2739 έπεράατων
638 2662 665 2717 αἱ
681 2661 820 2738 βδελυκτοὶ
832 2663 904 2742 παρὰ

108 2752 165 2816 τοῖς
189 2749 301 2814 πολλοῖς
325 2748 368 2805 διά
391 2747 418 2806 τδ
441 2752 493 2805 τῶν
518 2751 609 2805 παθῶν
633 2748 836 2828 δυσανάσχετον,
859 2751 904 2809 καὶ

109 2843 163 2896 τῶν
182 2837 262 2917 ῧὸριν
276 2835 506 2916 προστριύομένων
520 2839 547 2893 ol
561 2835 607 2893 καί
621 2833 668 2906 τὴν
682 2837 823 2914 γενομένην
838 2841 904 2897 ἀπο·

110 2929 206 3004 τρῖψαι
233 2923 377 2997 δυνάμεναι
398 2922 444 2980 καί
464 2921 595 3002 εὐφημίαν
613 2925 774 3004 προσθεῖναι.
815 2926 903 2993 Δεῖξον

110 3015 209 3084 τοίνυν,
231 3010 273 3069 ὅτι
296 3010 338 3068 ua
360 3010 404 3068 τὸν
425 3010 496 3069 Θεὸν
519 3016 595 3068 τοῦτο
616 3020 712 3085 ποιεῖς,
735 3015 781 3071 καὶ
805 3013 902 3071 τούτων

72 3123 99 3161 το
112 3099 269 3160 ἀντιλαὸοῦ.
311 3098 358 3158 Ἂν
380 3097 407 3156 δὲ
426 3097 524 3165 ταύτας
544 3098 611 3175 μηδὲ
632 3099 696 3177 ὄναρ
716 3101 779 3158 ἰδεῖν
798 3101 903 3180 ἐθέλῃς,

112 3187 303 3268 εὐπροσώπους
320 3185 348 3244 δὲ
366 3186 412 3245 καὶ
434 3184 499 3253 νίας.
515 3186 617 3268 περιίης
641 3186 770 3265 ἀγρεύων,
792 3189 837 3248 καλ
857 3195 904 3261 τῆς

112 3275 285 3354 ἀνελευθέρου
299 3273 395 3345 ταύτης
407 3273 489 3355 ἄγρας
502 3275 589 3332 αἰτίαν
602 3273 649 3351 μέν
663 3274 753 3355 ἑτέραν
769 3275 838 3421 ἔχων
856 3279 903 3336 οὐκ

114 3363 239 3435 ἀνεκτὴν,
254 3360 467 3442 προθαλλόμενος
483 3361 510 3419 δέ
526 3359 617 3441 ἑτέραν
632 3363 760 3420 δοκοῦσαν
772 3387 784 3421 ε
797 3387 839 3422 ναι
859 3368 901 3424 εὐ·

111 3451 269 3530 πρόσωπον,
289 3450 337 3521 την
351 3452 397 3518 τῆς
414 3448 590 3528 προστασίας,
604 3449 654 3506 κάν
677 3449 901 3529 ἀνθρώπουςπα-

74 3562 99 3603 8
114 3540 260 3620 ραλογίση,
277 3537 346 3596 ἀλλὰ
360 3536 391 3594 τὸ
406 3536 550 3595 ἀδέκαστον
562 3540 610 3595 οὐκ
622 3538 767 3611 ἀπατήσας
778 3540 901 3614 δικαστά·

113 3650 180 3706 ριον,
193 3628 229 3684 δι’
246 3625 338 3705 ἑτέραν
353 3625 401 3701 μὲν
418 3630 502 3682 ταῦτα
517 3628 598 3682 ποιῶν
618 3626 759 3706 πρόρασιν,
777 3628 858 3699 ἀλλην
875 3629 902 3687 δέ

111 3712 341 3793 προέαλλόμενος.
384 3710 482 3787 Λέγετε
495 3713 543 3789 μὲν
558 3711 608 3793 γὰρ
622 3712 665 3771 διὰ
676 3713 720 3771 τόν
733 3714 801 3774 Θεὸν
814 3716 900 3775 πάντα

111 3802 250 3880 πράττειν,
270 3802 401 3882 πράττετε
417 3802 445 3859 δὲ
460 3801 477 3859 ἀ
491 3805 544 3860 τῶν
565 3804 664 3881 ἐχθρῶν
680 3806 735 3861 ἐστι
749 3809 795 3862 τοῦ
814 3807 900 3865 Θεοῦ·

111 3890 142 3948 τὸ
164 3889 217 3969 γάρ
240 3897 325 3948 ποιεῖν
352 3889 382 3947 τὸ
406 3889 489 3964 ὄνομα
512 3892 591 3948 αὐτοῦ
618 3892 832 3971 βλασφημεῖσθαι
856 3894 901 3952 καλ

72 3999 99 4034 ao
114 3979 309 4036 διαίάλλεσθαι
325 3980 377 4034 τῶν
398 3980 499 4056 ἐχθρῶν
520 3979 575 4035 ἐστι
592 3983 638 4036 τοῦ
662 3981 743 4038 Θεοῦ.
787 3979 859 4058 Ἐγὼ
873 3982 900 4039 δὲ

110 4067 157 4123 καί
180 4065 274 4144 ἑτέραν
298 4063 446 4144 ὑπερόολὴν
468 4070 604 4142 ποιοῦμαι.
646 4070 744 4144 Θῶμεν
759 4065 809 4146 γάρ
833 4070 898 4139 ἀλη·

111 4154 195 4212 oeteo
214 4154 259 4210 τὀν
272 4158 356 4210 ταῦτα
377 4153 504 4231 λέγοντα,
526 4152 572 4210 καί
594 4155 732 4229 ἐπιθυμίας
745 4156 899 4233 καθαρεύειν

111 4240 235 4314 ἀπάσης,
249 4239 295 4298 καὶ
307 4240 334 4307 ἐξ
348 4239 437 4319 ἑτέρου
452 4240 500 4314 μὲν
515 4239 630 4312 οὐδενὸς,
646 4241 698 4299 ἀπὸ
721 4243 747 4299 δὲ
763 4243 900 4310 εὐλαῦείας

112 4327 193 4402 μόνης
209 4327 310 4400 ταύτην
325 4328 498 4407 ἀναδέχεσθαι
516 4326 563 4398 τλν
582 4328 759 4406 προστασίαν·
773 4330 830 4388 οὐδὲ
849 4331 899 4408 γάρ

74 4433 100 4472 ιο
113 4415 182 4473 σέτω
199 4415 333 4481 κολάσεως
353 4415 431 4474 αὐτὸν
454 4416 656 4492 ἀπηλλαγμένον
672 4415 824 4492 εὑρήσομεν.
867 4421 899 4477 tii

112 4504 159 4581 μὲν
171 4503 225 4584 γάρ
235 4505 332 4581 ἠπόρει
347 4504 504 4583 προράσεων
521 4502 626 4582 ἑτέρων,
642 4505 668 4561 ἐν
682 4496 722 4571 αἷς
733 4504 779 4562 καὶ
793 4503 840 4575 τὴν
856 4507 897 4563 εὖ·

111 4592 223 4651 λάίεαιν
248 4591 426 4660 ἐπιδείξασθαι
452 4591 503 4650 ἔδει
529 4592 575 4650 καὶ
599 4593 679 4672 χωρὶς
704 4595 755 4651 τῶν
783 4594 900 4651 σκανδα-

112 4681 256 4756 λιζομένων
280 4683 373 4760 ψυχῶν
392 4684 469 4739 τοῦτο
491 4683 617 4750 nursinum
636 4680 752 4756 μάλιστα
770 4680 818 4757 μὲν
841 4680 899 4739 οὐδὲ

113 4767 180 4825 οὕτω
202 4766 438 4847 πραγματεύεσθαι
462 4766 514 4825 ἔδει
525 4764 587 4825 ἔνθα
606 4767 700 4843 μείζων
717 4771 733 4838 ἡ
749 4767 830 4840 ζημία
852 4774 898 4827 τοῦ

77 4877 102 4912 ιο
114 4853 228 4934 κέρδους.
274 4858 331 4916 Ποῦ
349 4855 401 4934 γὰρ
420 4854 489 4932 ἴσον,
502 4853 559 4913 εἰπέ
580 4878 637 4930 μοι,
651 4853 780 4934 παρθένου
796 4863 858 4931 μιᾶς
880 4854 898 4925 ἢ

113 4944 181 5002 δυοῖν
212 4943 406 5022 προϊστάμενον
437 4945 596 5016 σωματικῶν
623 4941 708 5000 ἕνεκεν
734 4942 898 5022 πραγμάτων

112 5033 208 5111 ἄπειρα
221 5032 310 5102 πλήθη
322 5031 497 5089 σκανδαλίσαι
505 5030 573 5089 κατὰ
581 5030 669 5113 ψυχήν
680 5052 687 5107 3
701 5030 840 5101 Πλὴνάλλ’
849 5033 899 5109 οὐχ

112 5118 192 5186 οθτως
217 5123 233 5188 ἡ
258 5120 405 5198 κατηγορία
426 5119 547 5199 χαλεπή’
573 5119 635 5176 ὅταν
656 5120 684 5178 δὲ
706 5119 800 5200 μυρίας
822 5118 898 5198 εὕρῃς

113 5209 184 5273 biota<
197 5208 244 5266 καὶ
263 5207 422 5288 κατηγορίας
444 5207 663 5285 ἀπηλλαγμένας,
678 5208 722 5266 καλ
745 5207 896 5267 σκανδάλων

656 427 839 490 liburnas
859 428 1212 498 SUBlNTRODUCTAS.

1686 461 1742 514 159

958 575 1081 638 Siquidem
1092 579 1187 642 inopia,
1198 593 1253 630 cum
1262 593 1360 646 prorsus
1369 585 1427 636 nibil
1436 587 1549 653 innitetur,
1563 594 1670 657 corporis
1678 609 1742 647 mor·

957 678 1002 727 bos
1015 684 1086 743 auget
1102 702 1108 732 ι
1128 683 1179 745 ipsa
1194 687 1276 736 aulem
1296 692 1424 751 paupertas
1439 706 1453 742 a
1470 695 1559 746 morbis
1574 711 1672 762 quoque
1689 715 1743 764 gra·

958 783 1046 833 riorbt
1057 788 1081 835 et
1097 788 1276 841 intolerabilior.
1309 795 1358 842 llas
1376 798 1487 857 perquiro
1501 801 1527 848 ct
1537 801 1635 865 collige,
1648 805 1697 854 imo
1717 809 1742 857 in

957 891 1095 952 colligendis
1111 893 1178 944 nullo
1189 909 1250 958 opua
1265 898 1311 948 crit
1326 899 1424 951 labore:
1438 903 1472 952 ita
1481 912 1537 956 anlc
1551 920 1634 959 omncs
1644 910 1742 975 jacent,

957 999 1048 1056 paratae
1060 999 1171 1049 omnibus
1184 1001 1226 1063 qui
1238 1003 1361 1066 porrigant
1370 1020 1478 1057 manum.
1513 1011 1536 1060 Si
1546 1014 1604 1076 opica
1616 1014 1703 1077 liabeo,
1717 1018 1742 1067 in

957 1099 1000 1149 lias
1014 1102 1137 1164 expende;
1148 1104 1272 1155 nivalibus
1283 1121 1316 1168 es,
1328 1109 1371 1159 lias
1380 1113 1486 1174 corporis
1496 1115 1627 1168 ministerio
1637 1121 1740 1182 allium:

956 1205 1033 1254 multa
1043 1209 1068 1256 et
1082 1207 1121 1256 liic
1137 1210 1231 1271 negotia
1243 1211 1334 1262 videbis
1349 1228 1404 1276 quac
1416 1216 1522 1280 indigent
1538 1225 1656 1284 corporati
1668 1227 1741 1276 mini·

955 1310 1028 1358 aterio
1044 1315 1069 1360 et
1082 1317 1162 1362 sumtu
1179 1329 1253 1378 opum
1270 1321 1294 1368 et
1310 1320 1567 1378 circumcuraitalione.
1601 1332 1661 1380 llam
1680 1346 1741 1396 opus

956 1415 1046 1465 liabent
1056 1419 1084 1466 ul
1092 1418 1140 1467 illis
1148 1420 1298 1482 assignentur
1306 1424 1441 1489 domicilia,
1453 1438 1618 1493 praeparentur
1634 1437 1739 1489 malim·

955 1525 1045 1580 nacula,
1058 1524 1083 1569 ct
1099 1523 1176 1573 lectus
1189 1527 1213 1574 et
1229 1528 1437 1592 reatesemantur,
1447 1534 1472 1582 et
1487 1539 1604 1586 curentur
1615 1539 1662 1588 cibi
1683 1541 1740 1592 boni

953 1625 1048 1686 aliaque
1057 1628 1134 1677 multa
1144 1664 1151 1688 ,
1162 1631 1254 1681 etiamsi
1263 1633 1340 1682 solum
1350 1634 1433 1686 elecem
1444 1643 1531 1701 essent,
1545 1655 1601 1704 qum
1617 1645 1651 1694 ita
1664 1659 1739 1710 aegro·

953 1731 1019 1789 tnnl;
1031 1743 1095 1779 nrrnc
1104 1735 1187 1782 autem
1197 1736 1283 1785 civitas
1295 1743 1376 1788 nostra
1392 1741 1428 1790 bis
1437 1745 1489 1793 tota
1502 1744 1599 1808 impleta
1609 1750 1661 1811 ast,
1671 1750 1739 1801 inve·

954 1833 1054 1895 nicsque
1074 1836 1141 1886 mille
1155 1840 1181 1887 el
1196 1838 1245 1887 duo
1261 1841 1345 1891 millia.
1377 1846 1434 1894 lslee
1452 1849 1510 1897 sunt
1525 1862 1581 1911 quae
1596 1853 1688 1903 auxilio
1703 1855 1741 1905 in·

953 1940 1049 2002 (ligent,
1066 1944 1119 1992 istro
1134 1943 1248 1995 dcaolatan
1264 1952 1337 2010 sunt,
1356 1950 1409 1999 istnc
1428 1952 1497 2002 liumi
1510 1954 1610 2014 jacent:
1630 1958 1683 2008 baec
1702 1963 1740 2010 eet

952 2045 1112 2108 eleemosyna,
1123 2047 1175 2098 lunc
1183 2052 1219 2098 eol
1229 2049 1375 2115 immanitas,
1386 2054 1433 2104 boc
1443 2055 1576 2119 ingloriam
1587 2063 1672 2112 transit
1684 2065 1738 2128 Dei,

952 2152 976 2197 et
991 2151 1015 2198 in
1031 2152 1142 2202 utitateur
1159 2157 1295 2217 eorumqui
1313 2158 1408 2220 vident,
1418 2162 1443 2209 et
1458 2163 1498 2224 qui
1511 2164 1645 2228 accipiunt,
1660 2171 1738 2233 etqui

953 2253 1051 2304 iaciunt.
1086 2258 1180 2306 Etenim
1190 2258 1280 2320 iustius
1293 2261 1440 2323 adjurantur
1451 2265 1594 2318 infirmiores
1605 2284 1677 2333 quam
1690 2274 1738 2323 ior·

952 2357 1042 2420 liores,
1054 2362 1079 2408 et
1091 2360 1179 2411 retulae
1194 2376 1267 2425 quam
1276 2364 1399 2428 juniorem
1414 2370 1439 2418 et
1448 2368 1486 2420 lim
1503 2372 1593 2433 utribus
1604 2387 1683 2439 neque
1694 2391 1738 2429 ne·

952 2463 1054 2513 cessaria
1066 2467 1218 2543 sunt,31uam
1231 2467 1343 2533 illrequae
1358 2472 1488 2523 mediocria
1501 2477 1636 2540 possideam
1650 2483 1675 2532 et
1690 2482 1738 2534 illua

951 2581 1007 2630 quac
1024 2567 1090 2630 apud
1110 2571 1201 2621 multon
1218 2570 1404 2636 abominabiles,
1422 2589 1496 2639 quam
1515 2593 1576 2643 quaa
1592 2585 1662 2635 inulti
1680 2587 1737 2636 acia·

952 2677 1035 2736 mant,
1050 2678 1073 2725 et
1089 2675 1138 2726 ilico
1154 2691 1210 2740 qum
1221 2679 1374 2729 contumeliis
1388 2687 1528 2744 onerantur,
1538 2700 1612 2749 quam
1628 2704 1664 2740 eac
1681 2707 1737 2756 quac

951 2783 1028 2832 illatas
1044 2788 1153 2834 avertere
1169 2786 1194 2834 et
1209 2784 1298 2834 bonam
1317 2787 1361 2836 eibi
1378 2787 1467 2838 tantam
1485 2792 1612 2844 comittere
1626 2802 1735 2858 possunt.

952 2863 1058 2938 Ostende
1067 2888 1138 2951 igitur
1147 2887 1212 2952 quod
1222 2891 1319 2952 propter
1331 2893 1410 2940 Deam
1424 2892 1471 2942 boc
1485 2894 1571 2957 iacias,
1588 2901 1613 2948 et
1626 2900 1673 2951 illio
1685 2904 1736 2965 opi-

951 2990 1037 3038 tulare.
1070 2990 1162 3048 Quodsi
1177 2991 1220 3040 baa
1240 3005 1321 3054 neque
1336 3007 1379 3056 per
1394 3008 1507 3047 somnum
1528 3000 1611 3053 ridere
1626 3005 1676 3068 vis,
1693 3008 1736 3058 sert

951 3096 1067 3144 formosas
1078 3097 1103 3144 et
1118 3095 1281 3145 adolescentes
1295 3096 1475 3149 obambulando
1495 3102 1604 3165 venaris,
1623 3111 1647 3155 et
1661 3108 1736 3159 illibe-

950 3192 1007 3242 ralia
1022 3193 1094 3255 hujus
1112 3194 1247 3245 venationis
1264 3183 1362 3246 causam
1380 3198 1479 3260 quidem
1499 3200 1571 3251 aliam
1593 3203 1666 3254 habea
1685 3219 1735 3256 non

950 3296 1210 3366 terendum,pra÷lenis
1227 3301 1309 3348 autom
1320 3299 1392 3348 aliam
1404 3314 1460 3363 qum
1477 3301 1502 3351 in
1518 3306 1622 3365 speciem
1634 3307 1735 3359 bonmla

949 3402 973 3448 et
982 3402 1079 3461 accepta
1089 3402 1138 3462 est,
1150 3414 1237 3464 nempe
1245 3402 1359 3463 tutelam,
1374 3403 1431 3452 licet
1440 3403 1550 3456 immines
1564 3406 1682 3474 decipias,
1692 3412 1735 3463 scd

949 3512 998 3548 non
1007 3499 1064 3548 ilem
1075 3500 1183 3550 tribunal
1198 3501 1254 3563 Dei,
1267 3501 1333 3564 quod
1342 3503 1484 3554 muneribus
1500 3508 1622 3570 corrumpi
1631 3511 1733 3572 nequit:

948 3613 1005 3649 nam
1014 3600 1046 3650 ob
1057 3600 1130 3650 aliam
1139 3600 1236 3664 quidem
1245 3613 1342 3651 caucam
1353 3603 1406 3652 boec
1417 3603 1486 3667 lucie,
1496 3608 1522 3653 et
1530 3606 1601 3657 uliam
1611 3611 1733 3671 practorio.

949 3704 1032 3754 Dicitis
1047 3704 1146 3765 quidem
1167 3702 1233 3767 quod
1252 3706 1349 3766 propter
1364 3708 1445 3754 Derim
1463 3706 1543 3756 tacitis
1558 3710 1652 3772 omnia,
1672 3711 1733 3761 taci-

948 3807 979 3855 lis
994 3812 1075 3854 aulem
1087 3819 1160 3867 opera
1175 3820 1230 3869 (γοα
1241 3807 1300 3856 sunt
1314 3805 1467 3857 inimicorum
1478 3811 1519 3858 Dei
1532 3829 1538 3858 :
1550 3812 1668 3873 siquidem
1683 3814 1734 3863 elia·

947 3924 1001 3960 cere
1012 3913 1040 3959 ul
1053 3908 1096 3959 Dei
1112 3921 1201 3958 nomen
1218 3908 1397 3971 blasphemetur
1412 3913 1436 3960 et
1447 3913 1581 3967 accusetur,
1597 3913 1620 3961 id
1634 3913 1734 3965 demunt

947 4015 983 4061 cst
993 4012 1145 4061 inimicorum
1157 3985 1207 4061 lici.
1241 4014 1291 4072 Ego
1305 4025 1363 4060 vero
1372 4014 1397 4061 ct
1408 4012 1473 4061 atiud
1489 4017 1566 4074 unalm
1576 4013 1654 4064 dicam
1667 4035 1673 4066 ι
1690 4029 1735 4078 po-

946 4125 1032 4162 namus
1048 4112 1113 4161 anim
1129 4112 1175 4161 boc
1190 4124 1246 4160 vere
1261 4110 1436 4174 elici,cumque
1453 4112 1521 4161 omui
1537 4114 1734 4177 concupiscentia

946 4229 1035 4279 purum
1052 4228 1118 4275 esso,
1135 4227 1213 4278 neque
1228 4227 1259 4263 ex
1275 4214 1324 4264 ulla
1334 4215 1381 4263 alia
1397 4228 1510 4278 requam
1528 4230 1560 4266 ea
1574 4218 1626 4267 oola
1642 4221 1734 4281 pietate

946 4316 1009 4366 lianc
1020 4329 1104 4365 curam
1121 4315 1254 4377 succipere,
1267 4316 1374 4363 albinea
1390 4327 1469 4376 neque
1482 4314 1518 4363 oic
1534 4314 1637 4377 ipsuma
1653 4320 1733 4380 plania

946 4419 997 4467 iore
1006 4417 1106 4466 liberum
1117 4415 1276 4465 inveniemus.
1308 4413 1731 4480 Namsideesrentoccasioueoatla,

945 4523 969 4571 in
986 4521 1075 4584 quibus
1090 4522 1114 4570 et
1130 4520 1243 4582 pietatem
1260 4516 1425 4579 exhiberent
1436 4517 1483 4566 boc
1501 4518 1579 4568 iacere
1597 4521 1730 4570 nullisani·

945 4625 1031 4674 ninbus
1046 4625 1071 4673 in
1090 4637 1120 4673 eo
1140 4620 1327 4686 impingentibus
1349 4623 1445 4684 pococt,
1463 4634 1494 4670 ne
1517 4621 1666 4684 sicquidem
1684 4622 1731 4674 boc

945 4741 1015 4790 agere
1028 4728 1163 4790 oporteret,
1183 4725 1224 4774 ubi
1243 4724 1322 4787 majus
1338 4725 1409 4792 ‘lucro
1426 4723 1552 4774 damnum.
1585 4727 1648 4775 llum
1665 4726 1732 4774 enim

945 4843 988 4893 par
997 4832 1033 4880 est
1043 4831 1069 4878 ul
1078 4828 1110 4878 ob
1120 4828 1253 4891 corporalia
1262 4826 1356 4889 negotia
1365 4825 1437 4876 unlus
1445 4828 1488 4874 aut
1496 4824 1599 4874 duamur
1610 4823 1730 4885 uirginum

945 4924 1038 4974 intinita
1054 4921 1184 4973 multitudo
1204 4921 1341 4971 animarum
1355 4919 1476 4983 iacturam
1496 4918 1584 4968 iaciat?
1604 4919 1731 4968 verumta-

945 5035 1001 5071 men
1018 5035 1096 5085 nnque
1113 5020 1240 5083 aicfgrcris
1253 5021 1291 5069 ost
1302 5018 1424 5068 accusatio
1435 5038 1441 5067 :
1453 5030 1511 5066 cum
1520 5019 1602 5067 autern
1618 5017 1729 5074 innume·

945 5134 984 5170 ma
998 5121 1107 5170 inuenlas
1121 5119 1184 5180 viae,
1201 5119 1226 5167 et
1240 5117 1332 5167 alienas
1347 5116 1379 5166 ab
1392 5114 1558 5172 accusatione,
1576 5113 1601 5162 et
1618 5111 1729 5162 liberast

943 5216 1062 5267 scandatis
1069 5252 1076 5278 ,
1096 5219 1120 5267 et
1133 5228 1189 5279 ηοω
1200 5214 1315 5277 majorem
1333 5212 1437 5263 babeant
1449 5211 1602 5273 facilitatem,
1614 5215 1684 5272 curlus
1694 5212 1729 5262 rei
