3892 5867
132 396 242 476 urm

131 528 228 600 άληθὴς,
242 525 344 585 ἅπαντα
358 526 436 584 πάλιν
449 526 537 603 μάτην
546 527 645 606 γίνεται
655 529 700 587 καὶ
713 532 770 610 εἰκῇ
782 529 815 587 τδι
828 530 890 611 πρὸς

131 614 263 694 άνατροπλν
281 615 449 692 ἐπινοούμενα
473 615 546 695 παρὰ
564 620 616 675 τῶν
640 619 748 697 ἐχθρῶν·
770 619 891 696 οὐδεμιᾶς

130 704 173 786 γὶρ
193 705 269 762 δεῖται
287 702 405 781 βοηθείας
423 706 502 773 ήτῆς
517 704 639 775 ἀληθείας
660 703 743 784 ἰσχύς·
759 705 827 764 ἀλλὰ
841 705 891 764 κᾶν

130 793 222 869 μυρίους
233 791 280 868 ἔχη
294 790 351 857 τοὺς
361 790 515 858 σόεννύντας
527 790 621 865 αὐτὴν,
634 795 663 851 οὗ
675 792 810 869 μόνονούκ
825 796 892 874 άφα·

112 883 229 950 ονίζεται,
242 879 308 936 sill
318 879 363 937 καὶ
373 878 405 936 δι’
418 881 503 937 αὐτῶν
510 884 561 937 τῶν
573 882 725 960 ἐπηρεάζειν
734 881 892 961 ἐπιχειρούν

129 992 172 1025 ror
192 964 342 1048 φαιδροτάρα
356 966 401 1024 καὶ
424 966 573 1048 ὑψηλοτέρα
589 968 686 1045 άνεισι,
702 972 754 1027 τῶν
771 971 829 1049 εἰκῇ
848 991 892 1027 κο·

129 1054 230 1113 πτόντων
254 1050 359 1118 ἑαυτούς
380 1051 426 1110 καὶ
443 1052 607 1129 μαινομένων
620 1057 805 1133 καταγελῶσα.
847 1053 892 1115 Τά

130 1140 170 1217 μὶν
187 1142 234 1219 γάρ
252 1140 315 1216 παρ’
330 1143 412 1215 ἡμῖν,
428 1139 522 1221 &ques
533 1134 679 1219 πλάσματα
692 1134 772 1216 εἶναι,
787 1143 832 1202 καὶ
846 1141 890 1201 τύ-

68 1252 72 1262 ·
113 1253 202 1307 ,ρεννοι
214 1231 257 1288 καὶ
271 1229 388 1308 βασιλεῖς
406 1228 452 1287 καὶ
466 1229 549 1309 λόγοιν
568 1230 670 1309 ἄμαχοι
689 1232 826 1312 σοφισταὶ,
840 1232 892 1303 ἤδη

99 1335 118 1373 ιο
129 1315 150 1375 δὲ
159 1316 198 1375 καὶ
209 1315 341 1398 φιλόσοφοι
353 1315 399 1374 καὶ
409 1317 501 1393 γόητες
511 1319 556 1376 καὶ
569 1319 650 1394 μάγοι
662 1320 706 1377 καὶ
719 1320 839 1396 δαίμονες
848 1343 892 1378 κα·

128 1406 197 1462 θελεῖν
220 1403 401 1477 ἐσπούδασαν,
421 1432 434 1455 υ
460 1405 514 1464 Καὶ
540 1405 707 1479 ἐξησθένησεν
729 1410 770 1466 ἐπ’
798 1408 891 1472 αὐτοὺς

127 1495 248 1569 ἡγλῶσσα
268 1493 355 1549 αὐτῶν
368 1519 395 1564 ν,
410 1493 480 1550 κατὰ
494 1495 539 1552 τὸν
554 1496 715 1575 προφητικὸν
737 1495 829 1575 λόγον,
846 1498 891 1555 καὶ

127 1581 218 1645 risio<
229 1580 328 1648 νηπίων
347 1579 508 1656 ἐγενήθησαν
525 1584 552 1638 αὶ
566 1582 666 1660 πληγαὶ
690 1583 785 1643 αὐτῶν.
802 1610 815 1634 ν
856 1585 891 1640 Οἱ

128 1667 167 1738 μὲν
178 1665 223 1744 γάρ
234 1668 349 1744 βασιλεῖς
361 1673 483 1726 τοσοῦτον
497 1666 637 1744 ἐκέρδαναν
647 1673 676 1729 ἐκ
687 1674 733 1741 τῆς
745 1673 802 1729 καθ’
816 1675 891 1744 ἡμῶν

98 1753 263 1826 Ισὶπιόοολῗς,
280 1754 340 1813 ὅσον
361 1755 501 1834 θηριωδίας
521 1756 597 1824 δόξαν
614 1757 688 1837 παρὶι
706 1768 772 1817 πᾶσι
790 1759 890 1820 iudeis.

126 1842 167 1902 διὰ
176 1841 223 1923 γάρ
232 1844 275 1901 τὸν
285 1841 357 1900 κατά
370 1845 422 1900 τῶν
432 1844 573 1924 μαρτύρων
581 1845 662 1922 θυμὸν
676 1848 711 1912 εἷς
723 1845 771 1917 τὴν
780 1850 825 1917 τῆς
836 1870 891 1904 aar·

126 1935 162 2000 νῆς
172 1931 263 2010 φύσεως
275 1930 611 2010 ἕξενεγθέντεςάπηνειαν,
627 1933 727 2013 μυρίοις
742 1933 848 2002 ἑαυτούς
862 1937 891 1993 οὐ

126 2020 222 2078 συνεῖδον
232 2019 417 2100 περιόαλόντες
431 2019 563 2080 ὀνείδεσιν.
604 2024 639 2081 Oi
652 2023 679 2080 δὲ
697 2023 832 2104 φιλόσοφοι
847 2024 892 2082 καὶ

126 2105 189 2163 δεινοὶ
200 2106 300 2185 ῥήτορες
311 2105 390 2175 δόξαν
402 2108 520 2179 πολλὴν,
534 2109 558 2166 οὶ
573 2106 620 2184 μὲν
636 2108 681 2167 ἐπὶ
695 2111 852 2185 σεμνότητι,
868 2114 892 2169 οὶ

97 2205 117 2243 ’l
127 2192 148 2250 δὲ
161 2195 198 2252 ἐπὶ
209 2195 287 2271 λόγων
301 2196 415 2272 δυνάμει
429 2194 503 2276 παρὰ
514 2204 566 2263 τοῖς
579 2199 684 2264 πολλοῖς
699 2198 813 2277 ἔχοντες,
824 2202 891 2275 μετδι

124 2281 164 2351 arlo
173 2283 230 2360 πρὸς
239 2287 308 2359 ἡμᾶς
321 2284 415 2362 μάχην
425 2283 619 2362 καταγέλαστοι
631 2286 761 2363 γεγόνασι,
773 2287 818 2346 καὶ
831 2289 892 2345 παὶ·

125 2370 317 2450 δωνληρούντων
334 2373 429 2439 ἁπλῶς
444 2371 518 2431 οὐδὲν
538 2371 668 2454 διαφέρειν
688 2373 786 2442 ἔδοξαν.
827 2376 892 2436 Ἀπὸ

125 2455 166 2537 γὶρ
178 2459 251 2516 ἐθνῶν
269 2460 315 2518 καὶ
331 2460 426 2537 δήμων
447 2459 579 2519 τοσούτων
601 2462 631 2519 ού
653 2461 731 2541 σοφόν
751 2485 826 2535 τινα,
845 2466 891 2522 οὐκ

127 2544 222 2627 ἄσοφον,
242 2549 288 2606 οὐκ
303 2548 406 2630 ἄνδρα,
428 2550 458 2606 οὗ
482 2549 610 2626 γυναῖκα,
632 2550 690 2606 ἀλλ’
712 2548 770 2608 οὐδὲ
789 2553 891 2609 παιδίον

97 2634 202 2714 upupis
217 2645 377 2711 μεταπεῖσαι
397 2635 527 2716 ἴσχυσαν,
548 2637 617 2693 ἀλλὰ
635 2637 755 2704 τοσοῦτός
769 2641 825 2697 ἐστι
840 2644 891 2697 τῶν

125 2722 161 2777 ὑπ’
173 2724 252 2782 αὐτῶν
271 2724 466 2805 γεγραμμένων
489 2725 611 2801 δγέλως,
631 2722 698 2782 ὥστε
719 2727 891 2803 ἀφανισθῆναι

125 2812 161 2869 καὶ
170 2812 199 2870 τά
214 2813 300 2891 βιόλία
315 2815 418 2884 πάλαι,
428 2813 473 2871 καὶ
485 2813 540 2890 ἅμα
555 2817 592 2892 τῷ
604 2815 753 2893 δειχθῆναι,
768 2817 812 2873 καὶ
825 2821 890 2875 ritro-

126 2900 238 2960 ὶόσθαιτὶ
245 2902 343 2962 πολλά.
390 2903 424 2961 Εἰ
437 2900 465 2959 δέ
475 2900 526 2960 πού
538 2925 562 2958 τι
570 2899 615 2958 καὶ
628 2902 742 2980 εὑρεθείη
754 2902 890 2976 διασωθὲν,

125 2988 185 3066 πορθ
197 2992 360 3070 Χριστιανοῖς
375 2994 451 3048 τοῦτο
461 2989 608 3063 σωζόμενον
620 2987 690 3068 εύρσι
702 3013 741 3057 τις
751 2990 791 3048 άν·
801 2998 891 3051 τοσοῦ-

98 3084 118 3125 m
126 3077 289 3156 τονάπίχομεν
302 3075 474 3158 ptolemaei
483 3077 557 3156 παρὰ
566 3081 612 3149 τῆς
622 3077 726 3136 ἐκείνοιν
738 3079 891 3139 ὑποπτεύειν

126 3165 255 3239 ἕτιόονλῆς·
273 3167 343 3227 ούτω
361 3169 549 3244 καταγελῶμεν
561 3170 607 3236 τῆς
620 3169 719 3237 πολλῆς
734 3170 783 3225 τῶν
800 3191 891 3247 μηχα-

125 3253 231 3327 νημάτων
241 3257 326 3314 αὐτῶν
337 3254 499 3334 περιεργίας.
543 3253 613 3315 Οὔτε
628 3255 678 3335 γάρ
691 3258 713 3313 εἰ
729 3254 762 3314 τθι
777 3256 889 3333 σώματα

126 3340 267 3416 ἀδαμάντινοι
278 3344 324 3402 καὶ
334 3343 457 3423 ἄφθαρτα
469 3335 501 3414 ἦν
517 3347 599 3420 ἡμῖν,
613 3343 754 3423 σκορπίους
766 3345 811 3403 καὶ
821 3345 890 3426 ὄφεις

125 3426 216 3509 καὶπῦρ
227 3439 281 3497 ταῖς
294 3430 388 3510 χερσὶν
401 3429 598 3511 ἐπισφίγγοντες
610 3431 746 3508 ἐδείσαμεν
759 3431 809 3507 δν,
823 3435 891 3492 ἀλλὰ

99 3513 162 3572 διαὶ
174 3516 367 3595 ἐπεδειξάμεθα·
379 3516 438 3577 οὔτε
450 3517 540 3591 ἐπειδὴ
555 3518 601 3584 τὰς
614 3520 701 3599 ψυχὰς
712 3521 830 3595 ἡμῖνκαὶ
843 3523 891 3593 την

126 3600 198 3662 πίστιν
209 3606 328 3677 τοιαύτην
341 3605 537 3665 κατεσκεύασεν
549 3610 563 3665 θ
574 3607 703 3685 Χριστὸς,
716 3607 749 3666 rb
762 3607 890 3689 φάρμακα

126 3692 166 3747 τυ”ιν
175 3694 266 3773 άγθρῶν
276 3695 382 3774 ἔχοντες
393 3690 556 3771 δεδοίκαμεν.
601 3697 634 3754 Εἰ
643 3694 694 3775 γάρ
706 3697 795 3756 ε’πάνω
807 3698 890 3780 ὄφεων

126 3778 161 3835 ταὶ
172 3784 294 3861 σκορπίων
311 3783 359 3842 καὶ
378 3781 464 3854 πόσης
482 3788 527 3842 τοῦ
542 3782 730 3857 διαθόλουτῆς
743 3789 891 3866 τυραννίδος

125 3871 201 3925 πατεῖν
213 3875 274 3947 ἡμῖν
292 3869 481 3943 ἐπιτέτακται,
497 3872 587 3952 πολλῷ
602 3873 703 3948 μᾶλλον
718 3874 806 3933 ἐπάνω
821 3900 889 3935 σκω·

97 3951 197 4022 ⁴⁰illatus
209 3959 252 4015 καὶ
265 3958 413 4040 κανθάρων·
428 3965 550 4018 τοσοῦτον
565 3957 617 4040 γδιρ
628 3959 658 4018 τὸ
673 3960 755 4036 μέσον
771 3967 818 4035 τῆς
831 3965 890 4023 τού·

125 4063 167 4099 των
180 4045 273 4121 βλάόης
291 4046 358 4127 πρὸς
374 4044 422 4118 τὴν
443 4047 543 4107 ἐκείνου
563 4054 609 4107 τοῦ
633 4056 747 4129 πονηροῦ
771 4053 890 4128 δαίμονος

125 4127 257 4204 ίπιδοολήν.

159 4219 245 4279 Kale&
258 4222 306 4299 μὲν
318 4222 436 4302 ἡμέτερα
451 4228 576 4295 τοιαῦτα,
591 4223 625 4282 τδι
640 4224 667 4283 δὲ
681 4226 812 4304 ὑμέτερα,
828 4230 888 4288 Erro·

124 4302 207 4378 ὶίμησε
232 4311 277 4385 μὲν
296 4315 385 4376 αὐτοῖς
405 4312 487 4378 οὐδεὶς
506 4311 645 4371 οὐδέποτε·
666 4314 723 4373 οὐδὲ
744 4316 795 4396 γάρ
819 4318 890 4394 θέμις

97 4391 272 4471 clamide
282 4399 384 4477 ἀνάγκη
397 4398 443 4455 καὶ
457 4399 502 4478 βία
514 4400 703 4482 καταστρέφειν
719 4403 766 4474 τὴν
776 4403 889 4478 πλάνην,

126 4481 183 4540 illl
192 4486 235 4543 καὶ
246 4488 332 4546 πειθοῖ
344 4486 391 4544 καὶ
403 4486 475 4567 λόγῳ
487 4487 532 4545 καὶ
550 4490 693 4572 προσηνείορ
707 4489 754 4562 τλν
771 4496 824 4552 τῶν
839 4499 888 4552 άν-

126 4570 220 4645 θφύπυιν
234 4577 388 4653 ἐργάζεσθαι
405 4576 548 4656 σωτηρίαν.
590 4577 672 4638 Ὅθεν
687 4580 768 4648 οὐδεὶς
788 4586 840 4641 τῶν
855 4584 889 4642 τὶ

125 4661 162 4713 ro:
172 4660 280 4738 Χριστοῦ
293 4661 455 4744 φρονούντων
470 4663 593 4743 βασιλεὺς
607 4665 728 4744 δόγματα
742 4674 802 4728 καθ’
816 4674 889 4748 ὑμῶν

127 4740 189 4815 lique
196 4754 314 4822 τοιαῦτα,
324 4741 367 4808 οἶα
379 4749 436 4809 καθ’
445 4755 521 4827 ἡμῶν
533 4755 556 4810 οὶ
568 4752 601 4811 τδι
612 4757 663 4812 τῶν
676 4756 804 4833 δαιμόνων
815 4765 890 4839 θερα·

98 4843 118 4883 to
127 4829 250 4902 τιύσαντες
263 4837 416 4909 ἐπενόησαν.
458 4839 529 4900 Ἀλλ’
543 4841 614 4917 ὅμως
625 4843 755 4915 τοσαύτης
769 4848 888 4906 ἀπολαύ-

127 4937 184 4976 σασιι
202 4925 309 5002 ἡσυχίας
324 4925 369 4982 καὶ
389 4925 432 4983 ὑπ’
453 4927 553 4993 οὐδενὸς
571 4930 741 5008 ἐνοχληθείσά
757 4955 820 4992 ποτε
845 4939 890 5006 τῆς

127 4999 266 5081 Ἱλληνικῆς
275 5013 501 5089 διισιδαιμονίαςὴ
512 5014 599 5087 πλάνη
609 5016 654 5095 ἀφ’
666 5022 760 5090 ἑαυτῆς
769 5018 890 5095 ἐσόόσθη,

127 5093 225 5175 καὶπερὶ
235 5097 329 5170 {scrip
341 5097 453 5173 διίπεσε,
465 5102 584 5183 καθάπερ
594 5108 645 5161 τῶν
656 5107 788 5182 σωμάτων
800 5107 833 5165 τά
841 5132 889 5180 τη·

128 5179 198 5242 κεδόνι
206 5186 382 5267 παραδοθέντα
392 5198 495 5269 μακρᾷ,
502 5189 548 5249 καὶ
560 5192 742 5268 μηδενδςαύτὶ
755 5194 887 5273 βλάπτον-

548 397 600 456 DE
620 397 647 457 S.
671 399 823 458 saalim
846 401 895 460 ΕΤ
915 402 1071 462 CONTRA
1092 404 1290 468 canillas.

1664 425 1719 475 215

936 555 983 603 que
1000 545 1050 604 est,
1068 543 1156 594 trustra
1167 548 1249 596 omnia
1261 547 1365 609 cedunt,
1375 562 1431 612 qum
1441 550 1472 600 ad
1492 552 1551 601 illud
1564 556 1720 607 evertendum

938 638 970 687 ab
996 638 1099 689 inimicis
1117 644 1285 704 excogitantur
1302 664 1309 694 ε
1327 646 1435 695 veritatis
1448 649 1538 711 quippe
1562 652 1635 701 robur
1654 656 1722 704 nullo

937 732 991 792 eget
1006 732 1111 791 suxilio;
1127 733 1169 782 sed
1187 735 1280 784 etiamsi
1293 736 1412 788 innumeri
1428 739 1476 789 sint
1488 742 1529 804 qul
1549 743 1615 793 illam
1634 748 1722 796 exstin·
1813 743 1815 746 ’

937 837 1010 886 guero
1020 829 1146 897 conentur,
1158 842 1206 877 noa
1218 827 1298 879 solum
1309 844 1357 880 noo
1374 832 1515 897 destruitur,
1528 837 1569 886 sed
1589 841 1662 890 etiarn
1677 843 1722 890 im·

938 922 1094 982 pugnantium
1112 927 1183 985 opera
1200 926 1345 987 splendidior
1364 929 1539 995 sublimiorque
1552 936 1648 994 eradit,
1660 939 1723 987 illos-

937 1030 986 1078 que
1009 1017 1106 1078 irridet,
1137 1021 1179 1082 qrri
1202 1021 1290 1071 lrrrslra
1309 1037 1361 1072 sese
1384 1027 1526 1077 excruciant
1544 1032 1569 1078 et
1592 1032 1721 1082 troarnum.

940 1115 1025 1162 Nostra
1039 1114 1130 1177 quippe
1142 1116 1198 1176 llla,
1210 1131 1267 1179 qure
1278 1131 1320 1167 ros
1340 1119 1453 1180 figmenta
1472 1137 1523 1172 esse
1537 1124 1625 1183 dicitis,
1642 1131 1664 1176 et
1684 1133 1723 1190 lr-

938 1210 1009 1258 ranni
1026 1212 1050 1259 el
1064 1224 1131 1273 reges
1143 1214 1167 1261 el
1183 1213 1285 1263 dicendo
1301 1216 1385 1266 inrlcll
1401 1219 1532 1281 sophistam
1554 1221 1662 1285 itemquo
1672 1225 1721 1287 plri-

938 1303 1030 1366 losoplri
1049 1307 1073 1353 et
1092 1307 1275 1368 praestigiatores
1293 1311 1318 1358 el
1339 1311 1401 1372 magi
1418 1316 1442 1361 et
1458 1312 1583 1364 dromones
1600 1316 1724 1369 destruere

937 1405 1067 1461 curarunt;
1084 1406 1118 1453 El
1128 1403 1265 1465 infirmata
1280 1411 1318 1456 est
1333 1412 1424 1458 contro
1437 1411 1497 1460 illos
1514 1412 1605 1476 linqua
1617 1429 1722 1478 coruus,

936 1497 1069 1546 seeundum
1076 1500 1242 1562 proplretierrm
1250 1516 1384 1552 sermonem
1393 1507 1474 1566 (Psoi.
1484 1515 1521 1558 lis.
1528 1511 1563 1571 9),
1574 1514 1598 1560 et
1608 1513 1680 1572 (ibid.
1688 1517 1723 1575 8),

938 1598 1045 1656 sopatro
1055 1599 1229 1659 porvulorum
1237 1599 1322 1661 snclrc
1333 1606 1397 1652 sunl
1414 1605 1499 1666 plume
1514 1620 1612 1657 eorum.
1648 1613 1722 1672 urges

937 1691 1026 1754 quippe
1035 1705 1063 1741 err
1080 1694 1171 1744 insidiis
1179 1700 1263 1746 contra
1276 1711 1319 1748 nos
1329 1700 1426 1748 structis
1438 1703 1532 1750 lantum
1553 1703 1640 1755 lucrati
1651 1713 1723 1768 sunt,

937 1790 1057 1848 quantum
1067 1790 1127 1838 satis
1135 1795 1187 1840 erut
1196 1793 1227 1841 od
1240 1793 1308 1842 lerini
1319 1795 1392 1844 animi
1404 1796 1494 1846 lamam
1507 1799 1572 1860 apurl
1585 1814 1669 1852 ornnes
1679 1805 1724 1855 sibi

937 1884 1068 1953 parandam
1081 1887 1131 1936 :ob
1144 1887 1205 1937 iram
1219 1891 1284 1939 enim
1296 1895 1381 1940 contra
1397 1897 1517 1956 martyres
1535 1902 1685 1960 susceptam,
1700 1902 1723 1951 iu

937 1998 1091 2035 commrmem
1101 1990 1213 2038 oatrrram
1225 1991 1379 2054 ferocientes,
1387 2007 1439 2044 sese
1450 1995 1615 2059 imprudenter
1626 2013 1723 2050 sexcrrr·

936 2080 968 2127 tis
979 2081 1112 2142 opprobriis
1121 2082 1240 2133 obnoxios
1253 2084 1419 2138 reddiderunt.
1453 2090 1592 2154 l‘lrilosoplri
1607 2097 1688 2144 autom
1700 2101 1725 2146 ot

936 2174 1001 2223 oculi
1012 2176 1120 2226 rlrelores
1130 2178 1267 2240 opinionem
1283 2194 1408 2243 magnam,
1419 2184 1458 2233 alii
1470 2186 1606 2250 grai-italis,
1622 2190 1662 2239 alii
1672 2192 1724 2241 elo-

936 2271 1113 2335 qrroutireapud
1126 2275 1215 2324 mullos
1225 2276 1357 2338 trabentes,
1369 2285 1422 2342 post
1432 2284 1584 2333 commissam
1596 2285 1724 2338 adversum

937 2380 981 2414 nos
991 2380 1094 2429 pugnam
1105 2368 1199 2419 ridiculi
1209 2371 1289 2421 ellecli
1296 2409 1303 2433 ,
1311 2387 1325 2422 a
1333 2376 1413 2437 pueris
1423 2379 1554 2439 urrgacibrrs
1563 2382 1620 2431 ailrll
1629 2384 1726 2434 rrimus

937 2460 1057 2510 visisunt.
1092 2467 1111 2512 Α
1127 2466 1163 2512 lot
1175 2464 1239 2513 enirn
1253 2466 1349 2529 populis
1362 2469 1523 2535 gentibusque
1532 2486 1581 2523 uon
1592 2477 1724 2539 sapientem

937 2558 1089 2618 quempiam,
1109 2572 1157 2608 non
1176 2560 1344 2623 insipientem,
1356 2576 1404 2612 nou
1416 2566 1511 2627 virum,
1525 2582 1573 2618 non
1585 2572 1725 2636 mulierem,

937 2663 984 2697 norr
996 2651 1125 2712 porculum
1142 2653 1173 2701 ad
1185 2667 1254 2703 suam
1267 2657 1411 2717 pertrahere
1422 2663 1565 2712 senteutiam
1578 2669 1724 2730 potrrorunl;

936 2745 978 2795 sed
988 2759 1072 2795 eorum
1083 2747 1170 2809 scripio
1181 2762 1256 2812 usque
1268 2752 1330 2801 adeo
1341 2754 1389 2802 risu
1400 2755 1470 2818 digna
1480 2763 1550 2822 suut,
1561 2765 1588 2810 ut
1599 2776 1628 2811 ex
1641 2777 1724 2813 eorum

937 2840 1004 2889 libris
1016 2841 1054 2889 alii
1063 2841 1154 2902 jarrrdiu
1168 2844 1296 2908 perier-iul,
1306 2848 1345 2897 alil
1357 2849 1439 2898 statim
1453 2854 1528 2914 alque
1542 2855 1585 2904 risi
1597 2860 1654 2906 sunt
1664 2871 1723 2907 ero-

937 2935 1049 2984 lcrerint.
1082 2938 1174 2995 Quodsi
1193 2940 1251 3002 quid
1265 2955 1296 2989 es
1310 2942 1338 2991 iis
1357 2946 1477 3006 supersit,
1490 2948 1554 3009 apud
1574 2949 1725 3001 christianos

937 3034 1027 3082 serrari
1036 3036 1447 3096 comperitur:lanlrrmabestutex
1456 3045 1724 3099 eoromlnsldiisdamni

937 3129 1061 3192 quidpiam
1075 3132 1144 3182 nobis
1153 3134 1287 3183 timendum
1298 3137 1462 3199 suspicenurr;
1479 3140 1512 3190 ila
1525 3142 1632 3194 ridemus
1644 3159 1724 3195 versu-

939 3229 975 3275 los
984 3228 1079 3277 illorum
1089 3229 1217 3279 adrerum
1230 3245 1273 3281 rros
1283 3239 1393 3284 conatus.
1427 3239 1584 3300 Nequeenim
1595 3242 1614 3290 si
1623 3256 1725 3307 corpora

938 3326 1007 3376 nobis
1016 3326 1170 3378 adamantina
1178 3334 1257 3380 essent
1268 3334 1292 3381 ot
1303 3335 1507 3397 incorruptibilia,
1517 3339 1667 3401 scorpiones,
1676 3356 1724 3390 ser·-

938 3426 1023 3485 pentes
1043 3429 1067 3474 et
1092 3427 1171 3487 ignem
1196 3442 1269 3477 manu
1286 3432 1402 3493 stringere
1426 3433 1622 3496 formidaremus,
1640 3452 1724 3488 rerum

936 3520 1072 3569 ostentandi
1086 3535 1158 3571 causa
1172 3525 1318 3586 lacererrrrrs;
1328 3527 1362 3575 sie
1373 3541 1452 3589 neque
1463 3532 1562 3591 quando
1573 3532 1644 3581 uolris
1655 3535 1724 3583 cirri·

935 3621 988 3667 slus
999 3617 1115 3680 ejusmodi
1125 3622 1218 3671 animos
1227 3626 1300 3686 alque
1314 3623 1385 3674 lrdem
1396 3627 1503 3689 pararit,
1513 3641 1606 3679 venena
1618 3631 1724 3683 bostium

936 3726 1009 3775 porus
1025 3726 1068 3762 nos
1080 3713 1194 3764 babentes
1211 3716 1410 3778 pertimescimus.
1445 3725 1506 3771 Nam
1520 3723 1539 3773 si
1552 3724 1625 3775 nobis
1630 3725 1723 3787 jussum

935 3818 971 3864 est
984 3818 993 3876 l
1006 3819 1063 3865 ιιεε.
1082 3824 1118 3867 to.
1133 3820 1175 3880 td)
1189 3832 1263 3882 supra
1278 3825 1415 3882 serpentes,
1432 3826 1571 3887 scorpiones
1586 3831 1611 3876 et
1626 3842 1724 3879 omnem

935 3917 1024 3968 diaboli
1040 3919 1190 3981 tyrannidem
1207 3922 1347 3983 ambulare,
1365 3926 1531 3988 multomagis
1548 3942 1620 3990 supra
1631 3944 1725 3980 vermes

935 4020 960 4065 et
971 4017 1122 4067 lumbricos:
1139 4021 1234 4067 tautum
1247 4020 1311 4069 enim
1323 4022 1360 4069 est
1373 4021 1527 4071 intervallum
1540 4024 1616 4105 inter·
1625 4027 1722 4079 illorum
1738 4031 1743 4040 '
1797 4015 1803 4026 ⁶

937 4123 1110 4168 occurrentum
1120 4120 1144 4168 et
1153 4119 1251 4182 maligui
1265 4109 1354 4170 dioboli
1365 4121 1473 4174 iusidias.

966 4233 990 4277 3.
1010 4231 1039 4278 El
1051 4232 1189 4278 nostrarum
1208 4230 1306 4293 quidem
1327 4244 1407 4281 rerum
1425 4207 1466 4283 un
1483 4237 1520 4283 est
1539 4237 1617 4295 ratio,
1632 4240 1724 4289 restrae

935 4343 1017 4389 autern
1027 4354 1065 4390 res
1077 4341 1224 4403 oppugnarit
1235 4355 1306 4392 nemo
1321 4356 1438 4406 rrroqrram
1452 4359 1459 4393 ε
1471 4359 1550 4409 oeque
1564 4349 1628 4397 enim
1639 4350 1675 4399 las
1688 4354 1724 4400 est

935 4452 1076 4503 christianis
1085 4452 1265 4503 necessitatene
1277 4454 1391 4506 violentie
1402 4470 1508 4507 errorem
1520 4459 1669 4523 subvertero,
1682 4465 1724 4513 sul

935 4565 1046 4627 suadela,
1054 4578 1164 4615 sermone
1175 4568 1199 4615 et
1208 4566 1392 4619 mansuetudine
1402 4569 1527 4620 bominum
1540 4573 1607 4622 salus
1617 4575 1724 4624 curanda

936 4679 981 4724 est.
1014 4675 1179 4733 Quamobrem
1192 4690 1263 4726 nemo
1277 4690 1308 4727 ex
1321 4679 1462 4730 christianis
1472 4683 1658 4744 imperatoribus
1667 4685 1724 4733 talia

938 4790 1023 4835 contra
1038 4799 1081 4847 ros
1092 4787 1173 4848 posuit
1183 4786 1294 4848 decreta,
1308 4789 1388 4850 qualia
1403 4794 1486 4841 eontra
1500 4805 1544 4840 nos
1558 4794 1724 4852 excogitarunt

937 4890 952 4938 ii
965 4890 1006 4953 qni
1020 4890 1143 4940 rimaranes
1161 4891 1283 4945 colebant.
1313 4896 1424 4944 Allamerr
1437 4909 1504 4943 error
1524 4896 1565 4944 ille
1580 4897 1721 4957 gerrlitirrrrr,

936 4998 1028 5044 torrtam
1035 4999 1198 5059 consequutus
1205 4996 1311 5060 quietem
1318 5001 1342 5047 et
1350 4999 1463 5048 noemioe
1474 4999 1586 5048 turbatos
1594 5012 1720 5079 umquam,

936 5116 979 5164 per
988 5116 1014 5151 se
1023 5105 1104 5152 tameo
1113 5104 1246 5153 exstinctus
1255 5108 1291 5154 est
1301 5108 1326 5154 et
1343 5104 1368 5154 irr
1377 5117 1403 5155 se
1414 5105 1464 5167 ipse
1475 5104 1574 5164 corrrril,
1590 5107 1656 5151 more
1668 5118 1721 5151 eor-

935 5221 1093 5272 porumque
1102 5208 1380 5272 diuturnalabeiolecla,
1393 5208 1659 5273 conspersumque
1670 5223 1722 5260 seso
