3892 5867
156 415 283 494 (ιιηιιι.)
800 420 853 481 DE
876 422 1143 492 VinuiNtTdTE.
1720 458 1775 509 aas

152 570 246 605 τωσαν
261 543 311 624 μίν
323 544 348 604 oi
358 544 452 612 παῖδες
463 544 620 626 κληρονόμοι
629 545 706 620 ,τούς
720 547 747 608 δὲ
761 557 844 629 γονεῖς
858 556 944 635 ἀμφο-
991 568 1097 632 ridetur,
1111 570 1181 623 tiberi
1199 571 1306 626 heredes
1316 577 1450 640 supersint,
1467 581 1591 642 parentem
1610 585 1740 650 utrumqne
1751 589 1776 637 in

151 633 246 713 τέρους
256 637 324 710 ὑμεῖν
339 634 551 713 προπεμπόντων
563 634 631 710 tm&
642 640 724 717 γῆρπς
738 639 847 719 μακρόν·
862 641 907 700 καί
919 642 945 700 τί
990 668 1100 716 extrema
1117 671 1332 746 senectutcsimul
1347 674 1448 725 efferant
1468 694 1474 725 ι
1492 690 1566 740 quem
1587 680 1683 731 tandem
1703 684 1775 733 tinern

152 722 186 778 τὸ
199 720 303 799 πέρας;
315 727 390 778 ποῖον
405 721 436 779 τὸ
449 719 540 800 κέρδος
557 724 585 781 tx
597 722 694 797 ταύτης
707 729 754 797 τῆς
768 728 867 800 πολλῆς
880 731 914 799 ῆδ
929 753 944 767 ·

151 812 202 877 νῆς
216 808 324 887 ἔχοντες
339 806 530 866 ἀπελεύσονται
545 810 613 882 ίκεῖς
631 810 671 870 Τὸ
687 810 738 894 γδιρ
753 814 865 883 πολλούς
877 818 943 876 παῖ·

120 897 200 963 ιδας
214 894 376 954 καταλιπεῖν
399 894 446 953 καὶ
460 898 542 966 καλῆς
563 899 714 958 ἀπολαῦσαι
736 903 857 979 γυναικδς
876 905 943 982 μετδι

933 992 939 1012 t

150 988 254 1064 τρυφῆς
268 983 315 1041 καῖ
330 986 381 1041 τῶν
395 982 484 1042 ἄλλων
499 984 623 1045 ἁπάντων
636 977 672 1045 ὧν
687 987 747 1067 άρτι
764 991 883 1065 διῆλθον,
898 1016 943 1051 και

150 1074 190 1138 εἰς
200 1075 286 1149 γῆρας
297 1070 392 1129 ἐλάσαι
404 1070 523 1150 μακρὸν,
538 1072 564 1131 τί
574 1074 639 1155 πρὸς
652 1077 682 1133 τό
692 1077 859 1158 δικαστήριον
873 1084 943 1157 ἡμᾶς

148 1161 292 1240 ὠφελῆσαι
310 1157 451 1231 δυνήσεται
466 1162 550 1219 ἐκεῖνο
565 1164 592 1221 ἐν
606 1171 659 1231 τοῖς
675 1165 787 1233 αἰωνίοις
804 1167 942 1247 πράγμασι

149 1247 200 1305 καὶ
215 1249 364 1325 άληθινοῖς;
379 1246 472 1307 Οὐδέν.
515 1250 619 1308 Οὐκοῦν
634 1250 697 1310 σκιθι
710 1257 794 1313 ταῦτα
808 1255 854 1313 καί
866 1257 949 1338 ὄναρ,

103 1362 135 1400 lu
148 1333 242 1395 Ὅταν
254 1334 307 1414 γὰρ
321 1334 348 1392 ίν
369 1333 422 1400 τοῖς
436 1335 491 1392 ἐκεῖ
505 1335 694 1413 διαδεξαμένοις
709 1344 781 1417 ἡμᾶς
797 1346 876 1402 αἰῶσι
895 1325 941 1403 καί

148 1420 236 1500 πέρας
246 1422 295 1479 οὐκ
307 1417 397 1499 έγουσι
411 1419 493 1494 μηδὲν
507 1420 560 1479 άπὸ
571 1422 669 1482 τούτων
682 1426 833 1501 δυνηθῶμεν
847 1431 940 1507 κερδᾶ-

148 1535 211 1584 ναι,
226 1511 295 1587 μήτε
309 1510 480 1589 παραμυθίας
491 1514 643 1572 άπολαὺσαί
653 1539 733 1587 τινος,
747 1521 774 1577 ἐν
785 1519 836 1600 ἴσῳ
847 1528 903 1588 τοῖς,
912 1522 941 1579 οὐ

150 1602 320 1676 μετααγοὺσι
335 1597 380 1655 τὸν
394 1597 563 1677 μετασχόντα
577 1601 674 1663 θετέον.
717 1605 787 1664 Οὐδὲ
801 1606 851 1687 γθιρ
865 1606 890 1666 εί
903 1631 941 1674 τις

149 1688 178 1742 ἐν
192 1666 290 1764 χιλίόις
303 1684 374 1744 ἔτεσι
388 1684 453 1761 μίαν
467 1684 549 1744 νύκτα
561 1687 643 1762 μόνην
658 1681 723 1749 ε’ίθεν
736 1691 798 1774 όναρ
809 1694 939 1773 χρηστὸν,

104 1794 131 1833 ιε
147 1772 274 1832 πλέοντι
290 1777 380 1832 τοῦτον
400 1771 471 1851 ἔχειν
484 1775 602 1853 φήσομεν
617 1782 663 1835 τοὺ
679 1780 716 1854 μῆ
731 1779 829 1851 ταύτης
840 1783 940 1839 ἀπολε-

148 1860 282 1929 λαυκότας
295 1865 343 1931 τῆς
356 1859 449 1940 ὄψεως.
491 1862 585 1922 Καίτοι
599 1887 629 1942 γε
647 1865 705 1924 οὐδὲ
719 1865 779 1926 όσον
793 1867 939 1947 ἐόουλόμην

149 1940 237 2010 εἶπον.
280 1949 351 2010 Οὐδὲ
365 1948 417 2028 γθιρ
436 1948 496 2008 όσον
518 1949 551 2009 τὰ
564 1951 686 2032 ὀνείρατα
702 1955 873 2016 ἀπολείπεται
894 1962 940 2029 τῆς

147 2036 293 2112 ἀληθείας,
303 2042 426 2097 τοσοῦτον
433 2036 467 2096 τὰ
475 2041 586 2098 ἐνταῦθα
596 2040 728 2122 ἀφέστηκε
738 2046 790 2103 τῶν
801 2046 868 2119 ἐκεῖ,
879 2048 938 2104 ἀλλ’

147 2124 188 2183 ἔτι
205 2127 318 2202 μᾶλλον·
338 2125 393 2184 οὐδ’
409 2124 473 2202 ὑπερ
488 2125 559 2184 ἐστὶν
572 2130 599 2186 έν
620 2128 689 2189 ἔτεσι
703 2130 797 2209 χιλίοις
811 2133 860 2208 μία
880 2133 937 2206 νὺξ,

100 2232 132 2270 20
144 2218 274 2272 τοσοῦτον
286 2214 301 2270 ὑ
320 2211 413 2292 παρὼν
427 2210 491 2270 αἰὼν
506 2212 571 2293 πρὸς
584 2214 628 2275 τόν
647 2217 789 2293 μελλοντα,
803 2219 871 2278 ἀλλὰ
890 2225 938 2280 κάν

145 2298 236 2380 τούτῳ
249 2300 343 2378 πολλῷ
357 2297 437 2357 πλέον
451 2299 531 2357 πάλιν
545 2300 575 2359 τδ
590 2301 680 2378 μέσον.
724 2304 793 2365 Ἀλλ’
804 2308 834 2365 οὐ
849 2306 881 2366 τθι
892 2313 939 2381 τῆς

145 2388 281 2468 παρθένου
288 2391 409 2462 τοιαῦτα,
420 2386 490 2445 ἀλλὰ
497 2387 597 2459 πολλὴν
605 2389 709 2450 ἄπεισιν
718 2393 833 2452 ἐντεῦθεν
840 2395 937 2475 ἔχουσα

143 2475 196 2548 τῆν
207 2475 347 2554 ἐμπορίαν·
358 2477 460 2551 μᾶλλον
472 2473 552 2535 δέτθν
562 2476 637 2556 λόγον
652 2478 749 2539 άνωθεν
762 2481 935 2559 ἐξετάσωμεν.

190 2566 253 2624 Οὐκ
267 2562 441 2641 ἀναγκάζεται
452 2566 681 2645 πολυπραγμονεῖν
692 2567 736 2626 τὸν
745 2568 867 2647 νυμφίον,
879 2569 937 2629 οὐδέ

100 2675 131 2714 as
147 2653 189 2729 μή
207 2674 271 2709 τινα
286 2650 392 2723 οῖπάτην
407 2651 536 2730 ὑπομείνῃ
559 2653 682 2712 δέδοικεν·
702 2654 769 2722 ees<
782 2657 832 2735 γάρ
850 2659 936 2731 ἐστιν,

145 2743 196 2797 οὐκ
212 2739 363 2816 άνθρωπος,
384 2736 528 2815 δεσπότης,
544 2741 593 2818 οὐχ
612 2740 762 2818 ὑμόδουλος.
807 2744 862 2802 Καὶ
885 2749 936 2803 τῶν

145 2827 197 2903 μίν
212 2826 333 2907 νυμφίων
342 2825 372 2883 τὸ
382 2825 462 2903 μέσον
473 2832 605 2886 τοσοῦτον·
621 2828 713 2888 σκόπει
720 2830 748 2888 δέ
759 2831 804 2913 καὶ
816 2831 859 2890 ἐπὶ
870 2831 936 2892 τίσιν

145 2915 321 2992 ἁρμόζονται.
364 2915 405 2974 Οὐ
428 2912 479 2994 γὰρ
501 2915 667 2995 ἀνδράποδα,
686 2918 745 2977 οὐδὲ
757 2923 805 2996 γῆς
818 2919 934 3000 πλέθρα,

144 3005 209 3062 οὐδὲ
220 3002 286 3061 τόσα
297 3000 343 3060 καί
354 3002 421 3059 τόσα
432 3003 543 3082 χρυσίου
555 3004 689 3078 τάλαντα,
705 3006 763 3064 ἀλλ’
777 3009 880 3087 οὐρανοὶ
890 3011 936 3068 καί

100 3111 131 3150 su
145 3091 180 3148 ria
196 3092 224 3148 ἐν
238 3092 356 3168 οὐρανοῖς
370 3090 457 3167 ἀγαθά
467 3089 501 3148 τὰ
516 3089 578 3149 έδνα
587 3092 686 3165 ταύτης
699 3099 745 3166 τῆς
757 3095 858 3177 νύμφης
869 3098 934 3160 ἐστί.

146 3178 222 3257 Πρὸς
244 3177 345 3244 τούτοις
361 3181 379 3248 ἡ
399 3177 448 3255 μίν
462 3188 632 3257 γεγαμηκυῖα
646 3180 747 3261 φρίττει
761 3182 804 3241 τὸν
826 3183 935 3253 θάνατον

145 3271 202 3325 τῶν
216 3288 246 3324 τε
262 3266 350 3324 ἄλλων
364 3263 468 3339 ένεκιν,
483 3266 530 3326 καί
544 3269 586 3326 ότι
598 3274 644 3327 τοῦ
659 3277 836 3339 συνοικοῦντος
854 3271 935 3345 αὐτην

148 3352 341 3431 διαζεύγνυσιν·
357 3356 375 3423 ἡ
391 3351 418 3412 δέ
433 3353 558 3434 παρθένος
572 3354 619 3414 καλ
638 3364 712 3416 ποθεῖ
731 3357 779 3429 τὴν
793 3362 934 3437 τελευτὴν,

146 3441 194 3502 καὶ
210 3438 352 3522 βαρύνεται
371 3445 406 3521 τῇ
429 3443 498 3521 ζωῇ,
516 3441 666 3503 σπεύδουσα
677 3444 722 3503 τὸν
743 3446 853 3528 νυμφίον
872 3450 935 3507 ἰδεῖν

101 3550 132 3592 κ
146 3530 293 3610 πρόσωπον
306 3528 372 3609 πρὸς
388 3527 549 3609 πρόσωπον,
568 3531 614 3590 καλ
627 3536 674 3605 τῆς
690 3531 765 3606 δόξης
785 3536 935 3596 ἀπολαῦσαι

145 3617 257 3687 ίιιιίνης.

186 3704 260 3766 Οὑτε
271 3702 298 3763 δέ
311 3703 342 3762 τό
353 3703 430 3782 πενία
445 3707 524 3776 συζῆν
537 3706 655 3788 καθάπερ
670 3707 714 3767 ἐπὶ
726 3714 772 3768 τοῦ
783 3711 870 3791 γάμου
882 3736 934 3771 πα·

146 3793 286 3875 ραόλάψαι
298 3789 397 3851 δύναιτ’
414 3793 446 3849 δν
461 3792 561 3865 αὐτὴν,
574 3793 697 3855 ἀλλὰκαὶ
708 3800 810 3872 μᾶλλον
822 3804 934 3860 ποθεινο·

145 3883 227 3963 τίραν
251 3884 290 3959 τῷ
319 3879 422 3962 νυμφίῳ
447 3879 495 3953 τὴν
518 3885 629 3941 ἑκοῦσαν
651 3889 728 3943 τοῦτο
754 3888 933 3963 ὑπομένουσαν

98 3988 132 4027 so
146 3977 231 4042 ποιεῖ,
244 3968 304 4028 οὑτι
321 3967 350 4026 τὸ
365 3971 395 4026 tit
404 3973 533 4027 ταπεινῶν
546 3969 694 4048 γεγονέναι,
710 3971 769 4030 οὔτε
781 3974 811 4031 τὸ
828 3975 865 4050 μὴ
880 3977 933 4033 δια·

144 4058 264 4133 λάμπειν
275 4056 324 4126 τὴν
338 4060 383 4113 τοῦ
399 4055 522 4131 σώματος
536 4054 624 4136 ὥραν,
636 4057 695 4116 οὔτε
710 4060 775 4118 άλλο
786 4064 837 4120 τῶν
849 4063 931 4121 τοιού·

143 4168 199 4203 των
212 4145 297 4205 οὐδέν.
341 4143 396 4204 Καί
413 4143 439 4202 τί
453 4142 522 4223 λόγον
534 4150 636 4223 ταῦτα,
652 4145 702 4206 κᾶν
716 4146 767 4227 γίιρ
779 4149 846 4225 μηδὲ
860 4153 931 4209 ε’λευ-

144 4231 210 4313 θέρα
231 4225 297 4290 οὐσα
318 4231 403 4310 τύχῃ,
425 4232 483 4290 οὐδὲ
506 4237 583 4291 τοῦτο
605 4235 685 4305 αὐτῆς
708 4236 863 4313 λυμαίνεται
884 4237 932 4309 τὴν

144 4318 307 4397 μνηστείαν,
322 4319 381 4378 ἀλλ’
395 4322 470 4400 ἀρκεῖ
480 4318 568 4400 ψυχὴν
584 4321 760 4390 ἐπιδείξασθαι
774 4323 873 4399 καλὴν,
887 4326 932 4384 καὶ

98 4435 129 4474 ss
143 4413 198 4468 τῶν
213 4408 347 4488 πρωτείων
361 4409 459 4487 τυχεῖν.
503 4410 562 4468 Οὐκ
574 4407 644 4467 ἔστιν
658 4410 712 4468 ἐκεῖ
726 4410 872 4491 φοόηθῆναι
886 4418 933 4487 ζη-

142 4497 291 4570 λοτνπίαν,
312 4499 358 4555 οὐκ
379 4495 450 4555 ἔστιν
474 4498 591 4574 ἀλγῆσαι
612 4498 833 4579 διαφθονουμένην
855 4504 931 4583 ἑτέρα

142 4584 251 4663 γυναικὶ
272 4586 308 4650 ὑις
329 4583 508 4664 λαμπροτίρῳ
528 4585 716 4664 συνεζευγμένη
735 4586 821 4667 ἀνδρί·
837 4591 866 4647 οὐ
881 4590 932 4668 γάρ

142 4675 218 4733 ἐστιν
228 4670 316 4748 ὅμοιος
326 4673 398 4750 αὐτῷ
411 4672 470 4731 otti
482 4671 537 4739 ἶσος
549 4672 645 4745 οὐδεὶς,
663 4674 720 4731 ἀλλ’
732 4674 790 4734 οὐδὲ
804 4676 874 4735 κατὰ
886 4701 930 4755 με·

143 4767 209 4848 κρύν
222 4766 307 4845 ἐγγύς·
322 4769 348 4825 έν
362 4766 389 4825 δέ
404 4770 441 4848 τῷ
453 4766 531 4850 γάμῳ
542 4766 592 4827 κᾶν
610 4772 661 4827 τῶν
675 4769 774 4850 σφόδρα
790 4772 932 4832 πλουτούν-

100 4872 131 4913 ω
145 4879 199 4915 των
213 4855 259 4914 καῖ
273 4856 378 4932 μεγάλα
392 4855 543 4931 δυναμένων
557 4855 607 4936 ἔχῃ
622 4880 660 4924 τις
673 4857 772 4936 ἄνδρα,
790 4860 848 4919 ἀλλ’
862 4859 932 4938 ὅμως

145 4942 247 5001 δύναιτ’
257 4941 289 5001 δν
297 4940 387 5020 ίτίραν
398 4944 483 5022 εὑρεῖν
492 4943 584 5024 πολλῷ
596 4944 701 5020 μείζονα
711 4945 834 5025 ἔχουσαν.
872 4950 933 5028 Οὐχ

143 5034 182 5097 ὡς
196 5030 273 5110 (rupa
288 5028 317 5088 δλ
329 5030 434 5087 ἐλαττοῖ
445 5029 493 5102 τῆν
508 5032 539 5089 έκ
552 5035 599 5103 τῆς
607 5036 658 5090 τῶν
672 5035 786 5105 ἡττόνων
801 5038 933 5117 ὑπεροχῆς

144 5119 244 5190 ἡδονὴν
266 5123 284 5190 ἡ
307 5121 360 5176 τῶν
381 5118 505 5194 μειζόνων
529 5120 672 5201 ὑπερόολῆ.
714 5121 784 5182 Ἀλλ’
805 5127 823 5197 ἦ
846 5125 932 5198 πολλὴ

145 5207 231 5288 τρυφὴ
245 5210 295 5266 τῶν
308 5204 423 5286 χρυσίων
435 5207 481 5266 καλ
493 5211 544 5266 τῶν
559 5208 672 5285 ἱματίων
684 5209 729 5270 καί
743 5216 789 5286 τῆς
803 5211 933 5292 τραπέζης

281 5319 301 5356 ι
315 5321 402 5358 mass.
418 5322 608 5361 euersosrosus
624 5323 643 5361 ι.

990 767 1176 827 consequentur,
1189 767 1215 815 et
1230 780 1279 829 quo
1295 768 1394 819 demum
1406 784 1436 820 ex
1453 770 1499 822 hac
1510 774 1577 823 tanta
1595 776 1719 838 voluptate
1733 791 1775 827 ac-

989 861 1059 921 cepto
1068 862 1245 925 emolumento,
1257 865 1314 916 iiiuc
1325 867 1463 919 discedent?
1471 875 1531 921 darn
1546 874 1635 923 multos
1644 875 1730 925 itherus
1737 889 1776 927 re·

990 955 1777 1034 liquisse,uxoremrenustnmcumdeliciiscaeterisqueomnibus

988 1063 1045 1112 quas
1057 1050 1108 1113 lam
1117 1058 1242 1117 percensui
1252 1060 1381 1121 tractasse,
1390 1062 1420 1111 ad
1428 1066 1549 1114 senectam
1560 1066 1655 1129 iouqara
1664 1070 1775 1131 erasisse,

988 1145 1130 1210 quidnobis
1147 1152 1178 1201 ad
1199 1153 1304 1206 tribuant
1323 1157 1384 1206 iilud
1408 1161 1510 1221 preesidii
1531 1162 1618 1213 afferre
1639 1166 1727 1227 possit,
1751 1167 1776 1217 iu

988 1241 1052 1290 veris
1061 1244 1204 1308 sternisque
1221 1248 1310 1299 rebus?
1322 1251 1394 1301 uiuit.
1428 1257 1514 1318 itaque
1532 1253 1618 1320 umbra
1632 1263 1690 1308 sunt
1707 1260 1774 1321 haic,

987 1335 1061 1396 atque
1079 1338 1216 1401 somnium
1231 1341 1320 1406 qnippe
1335 1358 1391 1395 cum
1403 1346 1427 1396 in
1440 1351 1585 1411 perennibus
1600 1352 1647 1401 iltis
1662 1356 1774 1415 εωοιιθω,

988 1441 1044 1490 quae
1056 1431 1110 1481 tum
1121 1445 1166 1483 nos
1181 1436 1317 1499 excipient,
1336 1440 1396 1490 nihii
1409 1455 1438 1491 ex
1449 1443 1486 1492 iris
1497 1444 1605 1507 tructus,
1619 1447 1678 1498 nitri}
1696 1450 1775 1500 solatii

987 1527 1133 1586 sperandum
1144 1530 1189 1592 sit;
1202 1532 1244 1594 qui
1257 1533 1294 1583 iris
1303 1536 1395 1597 potitus
1406 1541 1455 1599 ast,
1467 1540 1553 1591 eodem
1570 1542 1624 1592 ioco
1637 1547 1674 1594 cst
1684 1547 1774 1597 traben-

986 1621 1214 1685 dasquoexpcrtes.
1246 1628 1399 1689 nequeenim
1410 1632 1490 1694 siquis
1500 1634 1523 1683 in
1531 1635 1595 1684 milis
1604 1637 1773 1689 annisnoctrm

976 1729 1060 1776 ,unam
1069 1731 1143 1769 suave
1153 1721 1275 1771 somnium
1285 1723 1359 1786 vidit,
1370 1726 1424 1789 ptus
1432 1728 1548 1790 quiddam
1560 1731 1648 1784 trabere
1659 1734 1775 1786 dicendus

986 1814 1036 1873 est,
1047 1827 1122 1876 quam
1134 1817 1175 1878 qni
1184 1816 1237 1878 eius
1246 1819 1291 1870 risi
1303 1834 1391 1884 expers
1400 1824 1481 1875 irrerit.
1514 1831 1567 1877 imo
1577 1840 1634 1879 vero
1642 1843 1687 1880 nec
1701 1847 1774 1895 quan·

985 1908 1039 1955 tum
1052 1908 1161 1958 volebam
1175 1910 1290 1973 loquutus
1299 1927 1362 1965 sum.
1395 1919 1455 1967 Nam
1465 1932 1510 1968 nec
1523 1925 1643 1982 quantum
1662 1926 1725 1975 reris
1740 1927 1774 1976 di-

986 2001 1052 2050 stant
1064 2002 1173 2063 mmsis,
1185 2005 1281 2054 tantum
1292 2006 1345 2057 truc
1356 2008 1389 2059 ab
1401 2011 1448 2060 iilis
1466 2012 1567 2075 absum,
1582 2016 1624 2065 sed
1636 2018 1713 2067 mutto
1722 2033 1773 2069 am-

985 2093 1064 2156 ptiuar
1085 2110 1131 2146 nec
1145 2098 1210 2160 quod
1226 2099 1251 2149 in
1269 2102 1335 2152 mitte
1348 2104 1417 2154 annis
1430 2119 1479 2155 una
1494 2119 1540 2156 nox
1556 2111 1605 2171 est,
1622 2113 1773 2164 tantumdem

985 2190 1032 2239 troc
1044 2190 1074 2239 ad
1086 2192 1195 2243 futurum
1210 2196 1327 2247 saecuium
1338 2201 1389 2261 est,
1400 2202 1441 2251 sed
1460 2202 1501 2251 tdc
1517 2216 1613 2255 rursum
1630 2208 1703 2259 etiem
1719 2211 1773 2274 pius

986 2283 1087 2336 intereat
1097 2286 1251 2339 discriminis.
1283 2292 1315 2341 st
1325 2292 1449 2354 virginitas
1459 2308 1508 2345 non
1522 2299 1559 2346 est
1570 2299 1701 2374 ejusmodi;
1714 2304 1772 2366 quin

984 2376 1049 2428 tacto
1059 2381 1142 2442 grandi
1158 2385 1253 2446 quaestu
1263 2384 1321 2434 hinc
1333 2384 1436 2438 discedit
1445 2389 1523 2454 virgo.
1554 2393 1601 2442 sed
1612 2409 1663 2444 rern
1674 2410 1771 2450 omnem

984 2486 998 2523 a
1010 2475 1088 2537 capite
1096 2475 1268 2540 disquiramus.

1016 2574 1079 2622 ΗΧ.
1097 2571 1107 2635 [
1120 2575 1424 2638 Vtrqiuitatcmsucitem
1435 2593 1495 2631 esse.
1506 2581 1516 2646 J
1529 2586 1582 2634 Non
1594 2598 1690 2639 necesse
1699 2590 1772 2641 habet

983 2683 1008 2734 ia
1018 2697 1131 2748 sponsum
1140 2689 1270 2752 inquirere,
1277 2704 1323 2742 nee
1331 2693 1413 2744 sucum
1424 2695 1508 2747 timet:
1519 2699 1584 2749 Deus
1592 2702 1628 2751 est
1636 2703 1712 2767 enim,
1721 2718 1771 2755 non

983 2797 1068 2861 homo,
1082 2801 1213 2864 Dominus,
1225 2817 1274 2854 non
1284 2817 1422 2858 conservus.
1455 2815 1491 2860 nc
1508 2823 1650 2873 sponsarum
1665 2816 1711 2866 troc
1722 2817 1770 2869 dis·

984 2913 1074 2963 crimen
1084 2916 1137 2965 est:
1150 2915 1295 2968 videautem
1305 2921 1506 2984 etquibusrebus
1519 2926 1655 2979 constitutis
1665 2931 1770 2994 despon-

983 3024 1093 3078 deantur.
1101 3031 1342 3095 Nonnrancipiamon
1351 3037 1422 3087 terrae
1431 3038 1523 3100 jugera,
1531 3053 1579 3090 non
1589 3044 1768 3097 totactotidenr

982 3141 1034 3190 auri
1044 3143 1145 3216 triente,
1155 3145 1197 3193 sed
1208 3146 1261 3195 urnii
1269 3149 1294 3197 et
1303 3149 1406 3199 ceciestia
1416 3151 1492 3211 bona,
1501 3166 1595 3216 spousre
1603 3155 1770 3219 hujusdotaiia

982 3255 1049 3305 sunt.
1082 3259 1202 3307 Praeterea
1209 3259 1299 3320 conjux
1310 3264 1413 3312 mortem
1421 3265 1597 3328 trepidat,cum
1608 3274 1768 3336 propteraiia,

982 3367 1035 3417 tum
1048 3369 1113 3431 quod
1130 3383 1156 3420 se
1171 3373 1364 3424 scontubemeii
1378 3375 1519 3454 disjungat:
1534 3380 1602 3443 virgo
1620 3383 1693 3434 etiam
1707 3385 1767 3436 desi-

981 3487 1050 3539 derat
1061 3493 1174 3553 mortun,
1186 3493 1212 3543 et
1221 3493 1271 3544 vita
1288 3498 1411 3557 gravatur,
1421 3510 1535 3560 sponsum
1549 3514 1653 3564 praesens
1665 3517 1768 3567 praesen·

981 3609 1030 3659 tem
1043 3609 1143 3672 intueri,
1154 3624 1229 3675 eaque
1238 3613 1313 3676 gioria
1323 3615 1368 3664 irui
1381 3630 1520 3680 properans.

1012 3731 1060 3780 Lx.
1077 3729 1086 3794 [
1101 3733 1284 3792 Vtrqtuttntem
1295 3735 1398 3786 nultius
1409 3749 1483 3799 spere
1494 3718 1565 3801 quod
1573 3741 1600 3790 tu
1614 3741 1686 3793 nodis
1697 3748 1767 3807 posi·

981 3834 1170 3898 turonensis]
1201 3838 1251 3886 Nec
1264 3838 1367 3897 reroei,
1384 3838 1450 3887 utin
1467 3839 1635 3903 matrimonia,
1651 3843 1675 3893 in
1686 3842 1767 3907 inopia

979 3935 1065 3998 degere
1073 3937 1206 4001 quidquam
1216 3938 1294 3988 fraudi
1306 3952 1358 3989 asse
1369 3942 1461 4002 μυίαις
1473 3942 1532 4004 quin
1542 3942 1620 4004 potius
1629 3944 1694 4006 quod
1702 3946 1766 3996 ultro

979 4040 1110 4102 sustineat,
1125 4054 1212 4104 sponso
1226 4042 1313 4092 ideam
1325 4043 1404 4093 reddit
1415 4045 1532 4093 cariorem
1544 4065 1550 4093 ι
1564 4059 1608 4095 nec
1616 4047 1712 4098 sordide
1724 4062 1765 4098 ns·

980 4144 1029 4190 tam
1039 4155 1102 4202 esse,
1113 4156 1158 4192 nec
1167 4145 1273 4206 corporis
1281 4148 1406 4195 venustate
1418 4159 1465 4195 non
1474 4148 1605 4210 excedere,
1616 4151 1765 4211 nequeaiiud

978 4240 1110 4303 quidquam
1128 4243 1216 4293 simite.
1249 4248 1280 4294 Et
1298 4244 1356 4306 quid
1372 4245 1424 4295 tiaec
1444 4252 1624 4297 commemoro?
1641 4251 1702 4299 itam
1720 4252 1764 4301 etsi

978 4355 1024 4392 nec
1033 4342 1159 4406 liberauit,
1173 4358 1204 4395 ne
1217 4345 1241 4394 id
1253 4345 1350 4408 quidem
1367 4345 1587 4409 ejusqonsursus
1599 4349 1712 4413 derogat,
1723 4351 1764 4402 sed

978 4441 1068 4491 sutdcit
1082 4442 1190 4493 animum
1201 4444 1330 4507 pulchrum
1351 4448 1478 4506 praestare,
1500 4448 1527 4496 ut
1548 4447 1585 4498 vei
1605 4448 1692 4510 primas
1708 4464 1764 4500 rou·

977 4544 1102 4603 aequatur.
1137 4546 1189 4594 uon
1209 4544 1249 4594 tric
1263 4546 1384 4609 zelotypia
1401 4546 1509 4597 timenda
1529 4550 1581 4610 est,
1599 4563 1648 4599 non
1667 4550 1765 4601 atterius

979 4645 1088 4706 teminae,
1102 4648 1129 4695 ut
1144 4645 1239 4696 ctariori
1258 4647 1312 4697 viro
1331 4649 1480 4713 conjugatae,
1497 4651 1588 4701 insidia
1605 4652 1736 4702 dolendum
1756 4675 1762 4704 ε

979 4757 1057 4807 neque
1072 4745 1137 4794 enim
1152 4745 1174 4794 ei
1192 4745 1311 4808 quispiam
1323 4748 1408 4797 similis
1422 4751 1496 4812 atque
1512 4762 1555 4812 par
1573 4753 1625 4811 est,
1644 4764 1688 4816 nec
1705 4764 1764 4802 vero

978 4848 1053 4898 parvo
1064 4836 1190 4886 interraiio
1201 4838 1334 4900 proximus.
1368 4839 1400 4889 rt
1409 4839 1433 4888 in
1442 4840 1598 4890 matrimonio
1607 4843 1764 4903 quantumvis

978 4930 1128 4994 predivitem
1139 4933 1164 4981 et
1175 4934 1348 4995 praepotentem
1358 4933 1438 4984 virum
1452 4934 1538 4985 mittier
1553 4937 1624 4984 nacta
1635 4935 1681 4995 sit,
1690 4935 1763 4985 aliam

978 5032 1060 5079 tamen
1072 5028 1174 5092 reperiet
1190 5030 1268 5082 mutto
1281 5032 1367 5094 majori
1377 5035 1487 5094 nuptam.
1520 5034 1572 5085 tion
1582 5046 1668 5093 parrum
1680 5034 1763 5085 autem

978 5128 1119 5187 conceptam
1135 5138 1163 5176 εκ
1180 5126 1301 5180 minarum
1320 5129 1458 5191 prestantia
1475 5129 1622 5192 voluptatem
1643 5130 1762 5194 majorum

980 5223 1141 5287 praecellentia
1151 5225 1247 5276 minuit.
1279 5231 1369 5279 verum
1379 5227 1527 5291 inpensauri,
1539 5228 1651 5288 restituo,
1662 5240 1761 5294 meum,
