3892 5867
135 453 178 531 (a,
194 456 227 529 2ι)

134 586 241 644 τλοότου
257 586 341 643 αὐτῶν
351 582 523 661 καυχώμενοι,
539 612 550 633 ν
561 583 638 652 Εἰπὲ,
649 582 726 649 Τίνος
737 583 822 642 ἕνεκεν
836 586 905 656 οὐαίς

133 674 298 751 (θησαυρίζει,
314 673 394 751 φησὶ,
408 672 493 729 καλοῦ
509 669 631 747 γινώσκει
646 670 696 728 τίνι
713 672 815 738 συνάξει
830 673 905 731 αὐτοί·

133 760 170 816 in
183 758 231 833 μὲν
245 760 321 825 πόνος
336 759 460 833 δῆλος,ἡ
478 757 505 815 δὲ
520 758 661 822 ἀπόλαυσις
677 757 781 827 ἄδηλος.
800 757 906 817 liutti-

132 870 168 911 κις
180 849 280 925 ἐχθροῖς
299 844 406 917 κάμνεις
425 843 470 901 καὶ
487 845 670 920 ταλαιπωρεῖς·
693 844 818 909 πολλάκις
841 845 907 921 μετὰ

110 932 175 1000 sanir
195 932 245 1000 τὴν
257 930 379 1001 τελευτὴν
395 934 429 995 εἰς
442 929 500 995 τοὺς
513 931 669 1000 ἠδικηκότας
690 933 733 989 καὶ
755 931 835 1010 μυρία
850 934 907 989 ἔπι-

134 1019 321 1084 όουλεύσαντας
335 1020 348 1074 6
359 1019 454 1094 κλῆρος
466 1015 546 1075 ἐλθὼν
560 1019 600 1075 σοὶ
612 1019 658 1093 μὲν
671 1017 703 1077 τδι
718 1018 906 1096 ἁμαρτήματα,

132 1105 174 1171 τὴν
186 1104 212 1162 δὲ
230 1105 374 1163 ἀπόλαυσιν
386 1103 517 1181 παρέσχεν
535 1103 640 1184 ἑτέροις.

167 1190 239 1248 Ἀλλ’
253 1190 324 1256 ἄξιον
337 1193 418 1249 ἐκεῖνο
440 1188 567 1262 ἐξετάσαι,
582 1189 648 1256 τίνος
671 1189 755 1249 ένεκεν
779 1192 825 1249 οὐκ
839 1180 907 1262 εἷπε,

133 1279 190 1341 Τοῖς
215 1278 245 1334 δὲ
265 1278 399 1341 πλουσίοις
422 1278 448 1331 ἕν
472 1279 509 1355 τῷ
525 1283 569 1334 νῦν
589 1281 663 1334 αἰῶνι
681 1276 846 1353 παράγγελλε
870 1276 907 1351 μὴ

102 1386 122 1422 ιο
132 1363 265 1437 πλουτεῖν,
281 1362 447 1440 παράγγελλε
462 1363 599 1429 πένεσθαι,
615 1362 781 1441 παράγγελλε
801 1362 833 1420 τὰ
847 1362 907 1427 ὄντα

132 1455 229 1525 κενοῦν,
246 1447 315 1506 ἀλλὰ
331 1478 342 1498 «ι
357 1448 522 1526 παράγγελλε
538 1450 574 1525 μὴ
587 1449 791 1529 ὑψηλοφρονεῖν,
805 1476 817 1500 ν
831 1440 908 1507 Οἶδεν

132 1536 168 1593 ότι
180 1542 227 1593 τοῦ
239 1535 352 1593 πλούτου
372 1533 429 1615 ρίζα
448 1536 494 1607 καὶ
508 1536 628 1600 ὑπόθεσίς
650 1537 719 1593 ἔστιν
742 1538 757 1604 ἡ
781 1534 906 1607 ἀπόνοια,

132 1624 176 1679 κᾶν
192 1624 251 1701 εἰδῇ
272 1645 311 1687 τις
334 1622 495 1701 μετριάζειν,
510 1624 539 1680 οὐ
556 1622 655 1693 πολλὴν
674 1623 734 1702 περί
748 1622 778 1680 τὸ
797 1632 908 1701 πρᾶγμα

133 1711 266 1779 ποιήσεται
279 1708 403 1778 σπουδήν.
444 1710 519 1775 Τίνος
534 1708 584 1787 γὰρ
598 1709 698 1781 ἕνεκεν,
711 1708 767 1767 εἶπί
777 1732 832 1784 μοι,
849 1709 907 1775 τοῦς

102 1822 122 1858 rs
133 1798 240 1861 πολλοὺς
253 1793 355 1861 οἰκέτας
376 1795 522 1873 περιάγεις,
534 1794 591 1862 τοὺς
604 1795 779 1873 παρασίτους,
792 1798 850 1860 τοὺς
864 1794 909 1854 κό-

133 1885 226 1957 λακας,
239 1882 289 1952 τὴν
303 1881 385 1952 ἄλλην
400 1882 505 1941 ἅπασαν
520 1882 679 1961 φαντασίαν;
699 1885 739 1941 Οὗ
753 1881 843 1961 χρείας
853 1880 908 1939 ἕνε-

132 1993 186 2040 κεν,
203 1969 265 2027 ἀλλ’
286 1968 409 2034 ἀπονοίας
423 1968 519 2045 μόνης,
534 1968 568 2025 ίν*
582 1968 634 2026 ἀπὸ
648 1969 744 2027 τούτων
759 1968 910 2050 σεμνότερος

133 2060 179 2110 τῶν
189 2055 279 2112 ἄλλων
289 2052 431 2132 ἀνθρώπων
444 2043 509 2111 εἶναι
523 2055 609 2132 δοκῇς.
651 2050 751 2119 Ἄλλως
762 2056 788 2113 δὲ
799 2046 866 2113 οἶδεν
880 2058 908 2114 οὔ

133 2140 311 2215 κεκωλυμένον
326 2140 369 2198 τὸν
384 2142 509 2209 πλοῦτον,
525 2138 570 2196 ἐάν
589 2163 627 2205 τις
650 2140 720 2217 αὐτῷ
735 2141 772 2205 εἰς
793 2140 848 2197 δέον
864 2162 909 2198 κε·

102 2227 261 2304 κεχρημένος
275 2217 303 2302 ᾗ.
344 2226 452 2305 Ὥσπερ
469 2225 519 2303 γὰρ
528 2226 540 2303 [
549 2216 651 2307 einum]
665 2227 693 2284 ὠ
710 2225 789 2284 κακὸν
801 2229 814 2282 6
828 2216 909 2294 οἶνος,

134 2315 195 2370 ἀλλὰ
219 2314 301 2370 κακόν
326 2316 342 2383 η
370 2314 444 2387 μέθη·
471 2311 551 2378 οὕτως
573 2315 601 2371 οὐ
631 2312 711 2371 κακόν
743 2316 758 2370 6
782 2314 908 2384 πλοῦτος,

134 2402 195 2459 ἀλλὰ
213 2401 323 2471 κακόνὴ
338 2398 486 2468 πλεονεξία,
499 2399 579 2457 κακὸν
591 2404 608 2469 ἡ
621 2398 788 2478 φιλαργυρία.
829 2396 909 2457 Ἐτε-

135 2511 173 2566 ρον
194 2487 367 2566 φιλάργυρος,
389 2485 435 2545 καί
457 2485 542 2563 ἕτερον
566 2484 695 2548 πλούσιος·
721 2488 735 2540 6
757 2483 911 2563 φιλάργυρος

134 2578 177 2632 οὐκ
194 2573 254 2632 ἔστι
279 2573 416 2645 πλούσιος,
434 2574 448 2628 6
469 2572 622 2651 φιλάργυρος
645 2571 749 2628 πολλῶν
769 2570 865 2642 δεῖται,
896 2573 909 2626 6

102 2662 160 2719 ult
180 2664 286 2720 πολλῶν
310 2660 428 2733 δεόμενος
442 2661 489 2718 οῦκ
510 2663 541 2716 ἂν
565 2657 671 2735 εὔπορος
693 2656 732 2727 εἴη
759 2656 831 2715 ποτέ.
874 2656 909 2715 Ὁ

136 2751 290 2827 φιλάργυρος
315 2747 414 2826 φύλαξ,
430 2749 460 2804 οὐ
483 2745 608 2814 δεσπότης
640 2743 696 2801 ἔστί
723 2745 775 2801 τῶν
798 2743 910 2819 χρημά-

134 2860 192 2909 των,
208 2836 313 2904 δοῦλος,
334 2835 363 2893 οὖ
384 2833 479 2912 κύριος·
496 2830 667 2908 εὐκολώτερον
690 2828 739 2907 γὰρ
757 2832 809 2886 τῶν
830 2832 908 2887 αὐτοῦ

134 2928 237 3001 σαρκῶν
254 2919 377 2996 μεταδοίη
389 2919 438 2976 τινὶ
451 2917 469 2989 ἢ
483 2925 527 2977 τοῦ
539 2910 769 2995 κατορωρυγμένου
788 2914 908 2993 χρυσίου.

136 3009 311 3086 Καὶκεθάπερ
323 3007 389 3073 τινὸς
403 3005 580 3069 ἐπιτάττοντος
591 3004 636 3061 καὶ
646 3000 791 3067 κελεύοντος
802 3002 909 3076 μηδενὸς

102 3116 124 3154 tu
136 3100 249 3177 ἅρασθαι
261 3100 312 3153 τῶν
324 3091 512 3170 ιἰποκειμένων,
528 3090 596 3148 οὕτω
606 3090 672 3164 μετὰ
679 3089 765 3160 πάσης
778 3088 910 3165 άκριόείας

135 3185 278 3263 αὐτὰτηρεῑ
289 3180 334 3240 καὶ
344 3179 460 3258 κατέχει,
469 3177 586 3256 καθάπερ
598 3176 740 3255 ἀλλοτρίων
754 3176 912 3253 ἀπεχόμενος

134 3274 182 3329 τῶν
197 3271 279 3328 ἰδίων·
288 3268 333 3326 καὶ
342 3267 393 3346 γάρ
403 3269 472 3324 ἐστιν
483 3266 561 3332 ὅντως
571 3262 703 3340 ἀλλότρια·
714 3261 732 3320 ἃ
744 3261 793 3338 γὰρ
808 3265 845 3327 είς
857 3261 911 3319 ἑτέ·

137 3380 192 3433 ρους
206 3354 326 3414 έκόαλεῑν
343 3356 389 3410 αιἰκ
404 3352 435 3409 διν
452 3352 550 3421 έλοιτο,
564 3349 622 3409 οὐδὲ
644 3355 695 3413 τοῖς
713 3347 840 3422 δεομένοις
855 3347 911 3403 δια-

136 3452 236 3517 νεῖμαι,
246 3443 295 3499 κᾶν
311 3438 404 3517 μυρίας
421 3441 521 3516 ὑποστῇ
535 3434 677 3513 τιμωρίας,
691 3438 746 3498 πῶς
761 3430 791 3489 ἂν
807 3430 911 3488 δύναιτο

103 3546 124 3584 aa
137 3536 217 3587 ταῦτα
231 3530 285 3587 ἴδια
296 3526 408 3601 νομίζειν
424 3514 505 3595 ε’ίναις
519 3526 574 3587 πῶς
588 3521 616 3578 δὲ
629 3519 685 3597 ἔχει
695 3518 742 3589 τὴν
757 3523 861 3589 κτῆσιν,
874 3507 911 3573 ὧν

136 3616 180 3683 τὴν
193 3618 286 3693 χρῆσιν
297 3614 344 3671 οὐκ
359 3611 414 3690 ἔχει
431 3609 498 3685 μετὰ
516 3606 602 3671 ἀδείας
613 3607 671 3663 οὐδὲ
684 3606 731 3671 τὴν
747 3605 909 3673 ἀπόλαυσιν;

139 3704 204 3779 Πρός
217 3703 244 3758 δὲ
268 3698 366 3765 τούτοις
383 3698 412 3754 οὐ
424 3704 490 3754 πᾶσι
503 3694 590 3752 πάντα
604 3692 748 3751 ίπιτάττειν
769 3694 783 3748 6
806 3692 911 3756 Παῦλος

138 3790 231 3859 εἴωθεν,
248 3786 317 3844 ἀλλὰ
329 3786 374 3844 καὶ
389 3788 420 3858 τῇ
432 3786 483 3840 τῶν
495 3780 638 3840 ἀκουόντων
650 3777 768 3855 ἀσθενείᾳ
778 3800 910 3855 συγκατα-

137 3875 233 3945 όκίνει,
258 3873 376 3948 καθάπερ
399 3862 442 3929 οῦν
468 3868 540 3927 καλό
562 3866 675 3946 Χριστὸς
699 3863 813 3932 ἐποίησε.
858 3863 911 3921 Καὶ

104 3984 127 4022 ω
138 3961 185 4039 γᾶρ
196 3962 284 4036 ἐκείνῳ
298 3962 336 4036 τῷ
352 3955 468 4033 πλουσίῳ
483 3955 649 4032 προσελθόντι
661 3950 773 4035 καὶπερὶ
787 3954 833 4019 τῆς
846 3952 912 4017 ζωῆς

139 4051 204 4125 αὐτῷ
211 4043 387 4123 διαλεγομένῳ
399 4047 445 4101 οὐκ
458 4034 540 4113 εἶπεν,
549 4037 669 4115 Ὕπαγε,
681 4034 803 4105 πώλησόν
819 4057 864 4092 σου
879 4032 912 4091 rt

139 4134 301 4211 ὑπάρχοντα,
318 4132 377 4190 ἀλλ’
397 4131 470 4209 ἀφεὶς
487 4133 561 4185 τοῦτο
574 4126 633 4202 περὶ
648 4122 740 4202 ἑτέρων
756 4125 827 4200 αὐτῷ
841 4123 910 4177 ἕντο·

139 4222 189 4276 λῶν
201 4218 337 4293 διελέγετο·
349 4206 404 4274 εἶτα
417 4212 505 4282 ἐπειδὴ
516 4214 609 4277 ἐκεῖνος
617 4210 694 4267 αὐτὸν
707 4206 911 4286 προεκαλέσατο,

139 4308 183 4363 καί
195 4329 286 4384 φησιν,
302 4331 313 4354 ι
331 4302 367 4362 Τί
389 4301 428 4358 ἔτι
452 4323 495 4378 μοι
515 4299 615 4373 λείπει,
630 4325 642 4347 ν
663 4296 720 4353 οὐδὲ
744 4295 802 4352 τότε
822 4294 912 4359 ἁπλῶς

107 4417 131 4457 rs
142 4382 218 4462 εἶπεν,
229 4389 356 4459 Πώλησόν
372 4411 418 4447 σου
429 4387 463 4446 rt
476 4386 636 4463 ὑπάρχοντα,
645 4384 702 4440 ἀλλ’
716 4410 725 4431 ·
740 4382 771 4440 tlt
780 4380 859 4445 θέλεις
868 4379 913 4438 τί·

744 453 907 514 fluuium
927 455 1111 519 SECUNDA.

1669 482 1723 533 ast

951 586 1221 642 ‹liuillurumsrrerum
1232 593 1389 655 ntor-tenter.
1400 596 1450 657 bin,
1458 610 1532 660 quare
1542 599 1599 649 Vae?
1612 600 1725 652 elersen·

952 679 1029 734 risui,
1042 678 1120 740 inquit
1138 679 1147 740 (
1155 681 1224 730 Prot,
1238 685 1276 730 ab.
1296 684 1335 741 7),
1349 686 1374 733 et
1387 686 1499 747 lquoral,
1509 690 1551 736 cul
1563 690 1728 751 unaquequbil

951 774 1001 811 ea:
1017 763 1129 825 quonism
1143 766 1210 816 labor
1223 766 1321 828 quidem
1333 773 1425 830 certus,
1437 770 1530 821 tructus
1541 785 1598 823 reto
1608 775 1726 825 insertus.

952 850 1046 911 saepius
1058 864 1101 912 pro
1111 851 1212 903 inimicis
1224 855 1317 906 laboras
1325 859 1349 906 et
1360 858 1473 907 erumnis
1483 860 1607 909 contloerir
1624 876 1630 909 ε
1643 862 1730 924 saepius

953 943 1121 1000 postmortem
1137 943 1203 990 tuam
1221 941 1251 991 sn
1271 955 1311 991 eos
1329 944 1371 1006 qul
1392 949 1416 994 te
1429 945 1562 996 alluserunt
1581 946 1683 1009 injuria,
1706 956 1731 997 et

952 1021 1083 1071 innumeris
1100 1024 1307 1075 circumvenerunt
1317 1025 1423 1087 insidiis,
1436 1027 1554 1077 hereditas
1569 1029 1675 1089 veniens,
1687 1030 1730 1079 tibi

952 1107 1048 1169 quidem
1065 1112 1173 1170 pernen,
1190 1113 1360 1173 pussessionem
1375 1126 1431 1162 vero
1444 1114 1498 1164 aliis
1509 1114 1622 1175 prebuit.

984 1200 1006 1243 5.
1032 1198 1088 1245 Jam
1110 1197 1168 1247 illud
1187 1199 1307 1260 inquirere
1321 1199 1419 1260 dignum
1440 1203 1490 1260 est,
1508 1214 1582 1263 quare
1598 1214 1645 1269 non
1660 1201 1729 1262 dinil,

952 1299 1072 1349 Divitibus
1082 1302 1206 1362 praesentis
1217 1301 1299 1352 seueuli
1315 1304 1418 1366 preaoipe
1427 1318 1474 1352 non
1487 1305 1612 1364 ditescere,
1625 1305 1731 1366 praecipe

952 1403 976 1449 in
987 1404 1126 1466 paupertate
1138 1405 1232 1465 virere,
1245 1405 1345 1468 praecipe
1357 1419 1411 1467 quse
1426 1406 1513 1456 babent
1526 1407 1651 1477 exhaurire
1665 1421 1671 1454 :
1686 1408 1729 1456 sed

952 1503 1028 1565 dixit,
1045 1509 1155 1569 precipe
1165 1519 1214 1556 non
1226 1508 1336 1558 sublime
1347 1516 1459 1572 superert
1473 1510 1544 1559 Novit
1554 1510 1618 1572 qrrod
1634 1511 1729 1560 dinitia-

953 1625 1006 1659 rum
1018 1612 1120 1661 rediret
1132 1613 1231 1663 materia
1239 1614 1272 1663 sit
1281 1614 1407 1676 superbia;
1417 1621 1442 1664 et
1452 1616 1471 1665 el
1485 1616 1539 1678 quis
1549 1616 1641 1666 modice
1652 1617 1731 1666 rivere

952 1713 1045 1774 scierit,
1063 1725 1111 1762 non
1127 1714 1229 1764 multam
1245 1727 1327 1764 earum
1341 1728 1424 1764 euram
1438 1721 1500 1777 aget.
1532 1719 1585 1773 Qua
1598 1716 1676 1776 euim,
1692 1716 1731 1766 die

953 1818 1025 1877 milri,
1036 1817 1067 1867 de
1079 1831 1151 1867 eausa
1163 1818 1252 1868 multos
1262 1818 1422 1868 uiroumdueis
1433 1832 1522 1879 servos,
1534 1820 1658 1881 parasitos,
1671 1820 1730 1868 adur-

954 1920 1054 1981 latores‚
1078 1924 1102 1971 et
1128 1921 1244 1983 reliquam
1262 1935 1358 1972 omnem
1385 1926 1513 1985 pompam?
1540 1926 1592 1973 lton
1617 1924 1729 1972 utilitatis
1804 1988 1807 1992 Α

953 2038 1038 2085 carisa,
1050 2027 1091 2074 sed
1108 2026 1248 2088 arrogantie
1259 2025 1352 2087 solius,
1368 2028 1437 2076 ulex
1453 2026 1489 2075 bis
1504 2027 1660 2076 uenerabilior
1672 2028 1726 2075 eliis

954 2118 1088 2167 lrorrrinibus
1105 2132 1155 2169 esse
1169 2120 1279 2169 ridearis.
1311 2122 1434 2169 Praeterea
1448 2121 1515 2169 norit
1534 2134 1582 2169 non
1597 2121 1732 2182 prohibitas

954 2225 1006 2261 esse
1018 2212 1127 2271 diuitias,
1141 2213 1160 2261 si
1172 2214 1228 2275 quis
1239 2214 1263 2262 in
1279 2214 1444 2264 necessitatem
1456 2215 1514 2276 ipsis
1528 2227 1584 2263 usus
1597 2216 1677 2264 luerit.
1689 2216 1726 2263 Si·

954 2312 995 2357 τοι
1006 2307 1067 2355 enim
1085 2307 1167 2355 einum
1179 2319 1226 2354 nun
1243 2307 1305 2356 mala
1318 2320 1355 2357 res
1364 2306 1421 2367 ,sed
1437 2308 1498 2357 mala
1515 2321 1552 2357 ree
1564 2307 1664 2357 elruietas
1677 2326 1683 2357 ε
1698 2308 1732 2357 ila

954 2419 1001 2454 nun
1015 2405 1077 2455 mala
1098 2418 1134 2454 res
1145 2404 1248 2465 divitiae,
1265 2404 1308 2454 sed
1319 2405 1381 2453 mala
1392 2405 1507 2463 avaritia,
1524 2405 1588 2454 mela
1599 2405 1730 2467 cupiditas.

956 2504 1024 2553 aliud
1037 2516 1139 2561 auarus,
1150 2505 1174 2551 et
1182 2501 1246 2550 aliud
1257 2500 1324 2551 dirus
1335 2512 1439 2550 :avarus
1449 2514 1497 2550 non
1509 2505 1545 2551 est
1558 2502 1633 2561 uires,
1646 2514 1732 2551 uranus

956 2603 1037 2650 rrnrrltis
1049 2602 1151 2662 indiget,
1163 2599 1357 2664 indigensautem
1372 2599 1455 2649 multis
1464 2613 1595 2661 numquam
1605 2600 1672 2650 rllres
1681 2613 1733 2649 esse

955 2696 1037 2756 possit,
1070 2701 1162 2746 Avarus
1182 2698 1263 2744 custus
1279 2697 1331 2754 eat,
1352 2707 1399 2744 nou
1421 2707 1540 2756 possessor
1561 2695 1732 2756 pecuniarum

955 2803 1054 2848 servus,
1069 2803 1116 2836 non
1130 2788 1241 2836 dominus
1262 2806 1268 2837 ε
1289 2787 1381 2836 facilius
1403 2788 1468 2836 enim
1487 2787 1559 2836 alieni
1579 2800 1610 2836 εκ
1632 2787 1732 2850 propriis

955 2882 1076 2941 caninibus,
1098 2895 1171 2944 qrram
1189 2895 1217 2931 ex
1231 2880 1327 2930 defosso
1347 2894 1406 2930 auro
1426 2881 1622 2929 communicaret.
1656 2882 1731 2930 Velut

956 2980 1020 3029 enim
1038 2979 1118 3041 jussus
1130 2979 1160 3026 ab
1177 2979 1258 3039 aliquo
1270 2978 1328 3027 nillil
1342 2976 1373 3027 tle
1384 2978 1491 3041 repositis
1506 2980 1616 3040 tangere,
1628 2978 1664 3027 sio
1676 2992 1733 3029 eum

956 3080 1021 3129 omni
1035 3080 1156 3140 diligentia
1168 3092 1196 3126 ea
1209 3079 1289 3127 emeat
1300 3082 1325 3127 et
1337 3077 1426 3127 detinet
1436 3112 1443 3137 ,
1453 3089 1467 3126 a
1476 3077 1525 3126 suis
1536 3078 1660 3138 umquam
1673 3074 1731 3124 alie·

956 3174 993 3222 uis
1003 3173 1144 3221 abstinens:
1162 3174 1187 3220 et
1207 3184 1291 3220 reuera
1312 3174 1370 3219 sunt
1389 3171 1476 3219 aliena.
1511 3173 1572 3228 Quoe
1591 3170 1657 3219 enim
1679 3171 1732 3220 aliis

956 3284 1053 3333 erogare
1063 3282 1194 3333 numquam
1208 3271 1338 3331 pateretur,
1350 3283 1427 3330 neque
1437 3270 1461 3317 in
1475 3282 1562 3330 egenus
1577 3269 1732 3328 distribuere,

956 3371 1048 3420 etiamsi
1060 3370 1163 3418 inunum
1173 3370 1302 3419 sustineret
1318 3381 1416 3430 prunae:
1432 3368 1553 3429 quomodo
1566 3368 1618 3417 baee
1629 3381 1680 3417 esse
1690 3381 1732 3416 sua

957 3473 1039 3533 putme
1048 3471 1138 3531 possit?
1152 3468 1279 3526 Quomodo
1295 3480 1352 3517 reru
1365 3480 1449 3516 eorum
1461 3467 1533 3516 babet
1547 3466 1732 3528 possessionem,

956 3583 1058 3631 quorum
1071 3583 1115 3618 neo
1132 3582 1202 3617 usum
1218 3581 1261 3616 neo
1274 3567 1377 3615 trucium
1391 3578 1446 3614 curn
1459 3563 1569 3613 libertate
1588 3562 1677 3612 babet?
1696 3563 1731 3611 Ari

956 3670 1008 3716 bauo
1017 3679 1074 3715 reru
1092 3678 1138 3714 non
1148 3664 1260 3713 omnibus
1270 3663 1350 3711 omnia
1367 3661 1454 3711 Paulus
1464 3661 1582 3722 imperare
1592 3661 1731 3719 obuenerit,

956 3762 1037 3811 sedet
1057 3760 1205 3809 audientium
1225 3757 1381 3807 imbecillitati
1404 3769 1430 3805 se
1449 3756 1606 3817 attemperat,
1629 3754 1691 3803 elcut
1709 3759 1734 3803 et

956 3862 1062 3910 cluristus
1075 3862 1138 3927 lesit.
1179 3858 1272 3907 Etenim
1286 3857 1320 3906 illi
1335 3856 1403 3905 diuiti
1420 3854 1450 3903 ad
1467 3868 1493 3903 se
1511 3854 1645 3913 accedenti,
1663 3851 1734 3901 etde

956 3960 1005 4007 rita
1026 3971 1082 4006 eum
1103 3957 1154 4020 ipso
1168 3957 1290 4019 loquenti,
1310 3967 1358 4004 uon
1373 3953 1448 4012 dixit,
1464 3952 1545 4011 Vade,
1559 3951 1636 3999 rende
1653 3950 1734 3997 onmia

955 4068 1010 4118 quoe
1021 4055 1107 4115 lrabes;
1119 4053 1159 4103 sad
1171 4052 1218 4101 boe
1230 4050 1422 4113 pretermittens,
1436 4049 1466 4098 de
1477 4048 1529 4097 aliis
1540 4048 1618 4108 ipsum
1632 4043 1732 4095 urenda·

956 4156 986 4205 lis
996 4154 1106 4212 instruit;
1119 4150 1205 4202 deinde
1215 4156 1340 4213 postquam
1352 4148 1393 4198 ille
1404 4148 1482 4209 ipsum
1497 4146 1608 4195 iuriiuril
1620 4145 1734 4207 iuquiens

956 4253 1067 4316 (Multi.
1080 4259 1116 4302 19.
1131 4259 1169 4301 νο,
1181 4257 1207 4299 tt
1217 4251 1236 4312 ),
1252 4248 1317 4308 Quid
1325 4247 1411 4298 adbuc
1421 4244 1485 4295 milri
1497 4244 1584 4294 deest?
1593 4256 1670 4306 neque
1680 4246 1734 4293 bum

954 4359 1093 4422 sirnplleiter
1108 4356 1185 4415 dixit,
1205 4354 1286 4403 Vende
1306 4352 1386 4402 omnia
1403 4364 1458 4412 quur
1477 4350 1568 4408 lrabes;
1582 4348 1638 4407 sed,
1654 4352 1681 4398 Sl
1694 4352 1732 4398 uia

141 4471 289 4549 λειοςεῖναι,
304 4479 407 4553 ὕπαγε,
427 4472 549 4545 πώλησόν
563 4495 608 4531 σου
622 4472 654 4529 τὰ
670 4470 828 4548 ὑπάρχοντα·
839 4496 851 4520 n
866 4468 910 4525 ἐπὶ
951 4465 1084 4530 perfectus
1096 4477 1156 4525 esse,
1169 4460 1241 4519 εαάσ,
1251 4458 1331 4509 vende
1346 4470 1404 4521 qus
1417 4455 1494 4505 trebes
1507 4468 1515 4501 :
1528 4454 1573 4503 lroe
1582 4454 1606 4502 in
1619 4457 1661 4502 tuo
1671 4466 1735 4514 pono

142 4568 321 4642 ἡσῇτίθημι
333 4562 439 4640 γνώμῃ,
452 4561 480 4619 σὲ
499 4558 586 4638 κόριον
605 4562 686 4615 ποιῶν
706 4561 751 4626 τῆς
773 4554 909 4633 αἱρέσεως,

142 4656 186 4711 οῦκ
198 4655 230 4718 εἰς
240 4652 355 4728 ἀνάγκην
370 4649 436 4727 ἄγω.
488 4646 538 4705 brt
554 4644 687 4702 τοῦτοκαὶ
709 4646 815 4708 Παῦλος
836 4640 906 4700 οὐδὲν

141 4739 199 4817 περὶ
209 4739 293 4806 πενίας
305 4746 357 4804 τοῖς
371 4739 512 4796 πλουτοῦσι
522 4733 651 4809 διελέχθη,
666 4731 735 4788 ἀλλὰ
749 4729 808 4806 περὶ
819 4751 910 4787 ταπει-

106 4847 132 4885 to
142 4825 306 4903 νυρροσόνης,
323 4825 366 4883 διά
381 4847 408 4881 τε
424 4822 471 4893 τὴν
491 4819 623 4879 ἀσθένειαν
637 4821 688 4875 τῶν
704 4816 847 4875 ἀκουόντων
864 4813 908 4872 καλ

141 4911 171 4968 τὸ
184 4913 276 4991 σφόδρα
287 4911 382 4971 εἰδέναι
393 4908 432 4968 ότι
441 4909 471 4967 τὸ
480 4904 622 4983 μετριάζειν
637 4902 681 4961 καὶ
693 4901 812 4965 ἀπονοίας
827 4903 910 4970 θπηλ·

142 4997 232 5075 λάχθαι
242 4999 344 5067 ποιήσει
358 4995 459 5076 ταχέως
477 4992 569 5057 αὐτοὺς
587 4992 632 5049 καί
646 4994 692 5058 τῆς
705 4988 764 5065 περὶ
783 4988 812 5044 τὸ
825 4988 911 5095 rrius:

143 5087 194 5141 τιῖν
219 5088 400 5161 ἀπαλλαγῆναι
423 5081 545 5150 σπουδῆς.
593 5067 662 5136 Εἶτα
687 5073 846 5152 παραινέσας
871 5095 908 5146 μη

145 5171 330 5249 ὑψηλοφρονεῖν,
356 5169 454 5236 ἐδίδαξε
473 5168 518 5228 καὶ
540 5167 583 5229 τὸν
597 5165 700 5242 τρόπον,
716 5164 774 5221 καθ’
788 5161 816 5219 δν
830 5160 907 5229 δυνή-

955 4563 1067 4622 arbitrio,
1077 4565 1102 4611 te
1116 4558 1238 4612 electionis
1246 4556 1369 4607 dominum
1385 4552 1515 4611 constituo,
1530 4564 1577 4600 nou
1592 4550 1617 4598 in
1631 4550 1733 4599 necessi-

954 4662 1028 4709 tutem
1040 4658 1115 4707 tralru.
1133 4655 1258 4717 Propterea
1271 4654 1295 4702 el
1312 4649 1400 4699 Paulus
1411 4648 1468 4697 nibil
1480 4647 1509 4696 du
1520 4647 1658 4709 paupertate
1674 4646 1731 4694 diui·

956 4763 1020 4812 tibus
1033 4763 1127 4810 loeutus
1137 4760 1183 4815 est,
1195 4755 1235 4805 sed
1249 4755 1279 4804 de
1293 4752 1442 4812 bumilitate,
1458 4753 1510 4799 tum
1527 4753 1623 4811 propter
1637 4747 1733 4796 audien·

956 4859 1016 4908 tium
1030 4854 1232 4910 imbecillitatem,
1241 4854 1294 4901 tum
1307 4849 1362 4910 quia
1374 4847 1463 4909 optime
1474 4844 1578 4903 solebat,
1590 4844 1609 4892 si
1624 4841 1732 4891 modeste

956 4954 1053 5014 agerent
1064 4956 1088 4999 et
1099 4962 1113 4997 a
1124 4946 1233 5010 snperbia
1249 4944 1318 4993 alieni
1333 4945 1429 5000 essent,
1443 4940 1509 4988 breui
1523 4937 1615 4987 tuturos
1625 4947 1640 4983 a
1649 4934 1731 4983 studio

955 5057 1090 5106 divitiarum
1102 5054 1195 5103 liberos.
1229 5054 1348 5101 Praeterea
1359 5061 1406 5097 non
1414 5046 1488 5096 allum
1499 5054 1581 5104 sapere
1591 5038 1729 5097 admonens,

956 5165 1028 5213 etiam
1042 5160 1154 5220 modum,
1170 5172 1219 5222 quo
1231 5170 1277 5207 non
1288 5156 1362 5205 altum
1371 5162 1454 5215 repere
1469 5141 1730 5210 postumianensem·
