3892 5867
122 448 236 540 (etsie)

119 595 163 662 τάς
174 593 263 673 χώρας
273 615 499 666 κατακαυσαντες,
508 607 554 652 και
568 594 615 663 είις
624 595 712 662 πόλεις
726 595 838 673 ἑλόντες,
849 599 897 655 οὐκ

119 684 244 742 ἐθέλωσιν
265 681 437 762 ὑποστρέφειν
452 681 540 741 οἶκαδε
559 684 650 755 πάλιν,
673 686 733 743 ἀλλ’
748 683 838 763 ῶσπερ
852 707 898 764 χο·

119 771 228 851 ρεόσντες
238 772 340 846 μᾶλλον
352 769 369 841 ῆ
381 772 566 849 πολεμοῦντες,
577 772 645 831 οὕτω
659 774 826 851 καταγελῶσι
839 772 898 840 τοὺς

119 858 255 939 ἡμετέρους
271 858 406 925 ἅπαντας·
420 859 467 917 καί
482 883 540 917 τινα
555 864 606 918 τῶν
621 862 687 940 παρ’
701 862 806 928 ἐκείνοις
822 865 897 939 βασι·

95 947 179 1005 ελέων
192 947 271 1028 φασίν
294 949 377 1006 εἰπεῖν
399 947 439 1005 ὅτι
460 951 506 1016 τῆς
520 950 705 1027 ἀναισχυντίας
726 949 899 1020 ἐκπλήττυιτο

118 1035 171 1100 τοὺς
183 1033 325 1115 ἡμετέρους
341 1033 517 1114 στρατιώτας,
533 1036 558 1094 οἳ
572 1040 673 1113 μᾶλλον
688 1037 828 1116 προόάτων
843 1061 897 1095 κα·

119 1126 325 1203 τασραττόμενσι
338 1126 520 1202 προσδοκῶσιν
534 1124 573 1182 ἔτι
585 1134 668 1197 νικᾶν,
680 1126 725 1183 καὶ
739 1127 787 1183 οὐκ
799 1126 899 1184 ἐθέλου·

119 1233 156 1268 σιν
168 1215 293 1283 ἐκστῆναι
311 1216 358 1283 τῆς
373 1214 486 1269 ἑαυτῶν·
502 1212 578 1279 αὐτὸς
598 1212 646 1288 μέν
667 1212 718 1290 γάρ
740 1213 837 1293 {prone
852 1214 896 1271 καὶ

119 1299 187 1376 κόρον
197 1299 289 1379 είληρέ
294 1323 338 1357 ναι
348 1300 474 1367 πολλάκις
486 1299 660 1358 κατακόπτων
671 1300 773 1367 αὐτούς.
817 1301 899 1362 Ποίαν

86 1403 107 1442 ιιι
118 1378 158 1446 ob
169 1387 215 1446 οἴει
230 1389 276 1447 καὶ
289 1386 335 1445 τὸν
349 1387 460 1467 βασιλέα
475 1389 519 1445 καὶ
533 1388 580 1458 τὴν
592 1387 683 1447 τούτου
695 1395 806 1465 γυναῖκα
816 1393 900 1447 ταῦτα

119 1475 255 1536 ἀκούουσαν
268 1475 304 1533 τά
319 1475 427 1555 ῥήματα
440 1475 510 1554 ἔχειν
525 1476 628 1556 ψυχήν,

154 1562 262 1633 Ἐπειδὴ
273 1562 301 1621 δὲ
314 1562 448 1638 ἐμνήσθην
458 1568 502 1622 τοῦ
515 1564 631 1639 πολέμου
643 1562 753 1633 τούτου,
765 1562 845 1639 ἐσμάς
855 1587 900 1639 μοι

118 1653 189 1719 πολὺς
197 1656 287 1732 χηρῶν
298 1650 501 1730 ἐπέδραμεν,αἳ
512 1652 595 1710 πάλαι
607 1652 655 1729 μὲν
666 1653 765 1733 σφόδρα
776 1651 899 1730 ἔλαμπον

120 1744 166 1800 ἀπὸ
174 1746 217 1811 τῆς
229 1744 281 1799 τῶν
291 1742 396 1819 ἀνδρῶν
408 1743 502 1817 τιμῆς,
516 1746 560 1798 ν’ῠν
573 1740 600 1798 δὲ
613 1740 711 1818 ἀθρόως
724 1740 827 1797 ἅπασαι
838 1763 899 1798 rreu-

89 1831 178 1910 ιιθῆρη
196 1828 239 1887 καὶ
254 1829 388 1905 μελαιναν
410 1827 579 1908 περιθέμεναι
600 1828 696 1899 στολὴν
719 1833 840 1908 θρηνοῦσι
859 1828 901 1886 τὸν

121 1919 215 1975 ἅπαντα
231 1916 340 1995 χρόνον.
383 1916 453 1974 Οὐδὲ
477 1915 528 1994 γάρ
554 1920 631 1974 τοῦτο
658 1919 749 1983 αὐταῖς
771 1915 900 1996 ὑπῆρξεν,

120 2005 176 2084 ὅπερ
191 2004 309 2084 τῇτιμίιρ
327 2026 375 2061 σου
387 2005 501 2081 κεραλῇ.
545 2002 584 2063 Σὺ
598 2001 645 2079 μὲν
664 2002 733 2082 γάρ,
756 1993 778 2059 ῶ
794 2007 900 2078 θαυμα-

52 2161 55 2173 ,
122 2094 175 2169 σία,
188 2091 232 2151 καί
246 2090 372 2168 κείμενον
388 2090 432 2149 ἐπὶ
444 2095 490 2161 τῆς
503 2090 593 2161 κλίνης
604 2082 670 2158 εἶδες
683 2090 728 2149 τὸν
739 2089 820 2150 καλὸν
831 2094 901 2150 ἐκεῖ·

120 2205 156 2239 νιν
164 2226 171 2253 ,
180 2180 223 2239 καὶ
234 2180 354 2259 ἐσχάτης
362 2179 478 2251 ἤκουσας
490 2183 591 2257 φωνῆς,
607 2179 654 2237 καὶ
665 2179 723 2236 τίνα
737 2179 789 2258 χρὴ
803 2180 900 2259 πρᾶξαι

90 2281 111 2318 ²⁸·
122 2269 179 2349 θπὲρ
191 2272 239 2327 τῶν
251 2268 422 2349 πραγμάτων
433 2271 479 2338 τῆς
489 2266 571 2333 οἰκίας
583 2265 676 2343 ἔμαθες
685 2267 899 2343 ἐπισκῆπτοντος,

121 2360 159 2415 καὶ
178 2356 218 2416 id
240 2362 293 2417 τῶν
318 2360 453 2426 διαθηκῶν
477 2355 584 2414 ἅπασαν
607 2364 660 2422 τοῖς
674 2356 841 2425 πλεονέκταις
855 2359 900 2416 καὶ

123 2445 281 2527 ευαοράνταις
310 2444 523 2523 ἀποτειχίζοντας
547 2442 647 2524 ipsios.
693 2445 746 2503 Καὶ
772 2447 801 2503 οὗ
825 2451 901 2506 τοῦτο

125 2535 204 2606 μόνον,
222 2533 289 2592 ἀλλά
311 2531 361 2591 καί
375 2534 459 2612 νεκρῷ
479 2530 590 2611 κειμένῳ
611 2530 738 2599 πολλάκις
761 2531 899 2604 έπέπεσες,

123 2623 161 2680 καὶ
171 2623 351 2703 κατερέλησας
363 2618 526 2699 ὀφθαλμοὺς,
538 2619 584 2678 καί
598 2617 770 2698 περιεχόθης,
782 2621 827 2678 καὶ
838 2620 902 2679 ἐκώ·

96 2723 115 2759 ὃ
126 2734 213 2787 κυσας,
231 2712 277 2769 καί
301 2709 509 2789 προπεμφθέντα
522 2699 587 2773 εἶδες
598 2706 667 2783 μετὰ
686 2710 785 2779 πολλῆς
797 2712 842 2779 τῆς
857 2732 900 2768 τι·

125 2801 183 2867 nic,
194 2799 237 2855 καί
250 2796 284 2855 τά
298 2795 369 2876 πρὸς
379 2795 427 2868 τῆν
439 2795 525 2876 παρῆν
536 2794 624 2852 πάντα
638 2793 763 2874 ἔπραξας,
771 2797 806 2860 ὡς
816 2819 899 2877 προσ-

124 2887 177 2950 ῆκον
196 2876 241 2959 ἦν,
253 2884 299 2942 καί
313 2884 384 2963 πρὸς
402 2885 446 2941 τὸν
467 2883 549 2964 πόρον
568 2883 697 2950 πολλάκις
715 2884 843 2963 ἐρχομένη
858 2885 900 2943 τὸν

124 2971 209 3031 ἐκείνου
217 2973 393 3054 παραμυθίαν
408 2971 477 3050 ἔχεις
493 2978 540 3042 τῆς
552 2972 644 3042 ὀδύνης
656 2974 685 3029 οὐ
699 2971 811 3049 μικράν·
824 2964 901 3030 αὗται

125 3060 246 3120 θὲτιότων
267 3061 400 3120 ἁπάντων
417 3059 589 3138 ἐστέρηνται,
609 3058 781 3139 ἐκπέμψασαι
803 3058 850 3134 μὲν
866 3063 901 3127 εἷς

96 3158 116 3195 ³⁰
128 3149 226 3225 πόλεμον
239 3149 348 3208 ἀπασαι
357 3146 416 3214 τοὺς
426 3151 542 3219 ἑαυτῶν,
558 3150 593 3213 ὡς
605 3145 685 3204 πάλιν
700 3145 792 3213 αὐτοὺς
803 3149 903 3217 ἀπολη-

126 3235 242 3314 ψόμεναι,
255 3237 315 3295 ἀντὶ
336 3235 363 3294 δὲ
381 3234 485 3295 ἐκείνων
499 3233 546 3305 τὴν
557 3233 653 3314 πικρὰν
665 3238 711 3305 τῆς
723 3236 844 3306 τελευτῆς
854 3237 900 3293 αὖ·

126 3326 169 3378 τῶν
186 3327 307 3402 ἀγγελίαν
330 3324 480 3401 δεξάμεναι.
523 3322 594 3383 Otii
612 3322 663 3401 γάρ
678 3322 712 3379 τά
733 3322 846 3398 σώματά
865 3347 902 3390 τις

127 3412 200 3469 αὐτῶν
211 3414 323 3488 κομίζων
341 3414 486 3483 ἐπανῆλθεν
498 3412 604 3479 αθταῖς,
616 3409 684 3468 ἀλλὰ
697 3409 803 3491 ῥήματα
814 3410 902 3485 μόνον,

127 3503 162 3555 rso
172 3502 262 3578 τρόπον
277 3498 441 3577 διηγοίμενα
452 3503 498 3570 τῆς
506 3500 639 3569 τελευτῆς.
685 3498 743 3557 Εἰσὶ
757 3497 785 3555 δέ
798 3497 826 3554 αἳ
841 3497 899 3557 elil

99 3601 118 3640 σε
130 3587 211 3659 ταύτης
227 3587 379 3660 ἠξιώθησαν
392 3591 438 3655 τῆς
453 3587 613 3665 διηγήσεως,
628 3584 686 3644 οὐδὲ
704 3584 773 3653 ὅπως
787 3585 899 3644 κατέπε-

129 3697 166 3731 σον
177 3679 263 3750 μαθεῖν
275 3677 462 3754 ἠδυνήθησαν,
479 3678 505 3734 ἀν
519 3677 608 3754 πολλῷ
618 3679 654 3753 τῷ
668 3674 762 3745 πλῆθει
776 3679 822 3746 τῆς
835 3697 901 3753 συμ·

131 3761 198 3833 θολῆς
210 3764 436 3846 καταχιυσθέντων
456 3765 552 3822 αὐτῶν.
597 3763 650 3826 Καὶ
664 3765 690 3823 τί
711 3762 862 3840 θαυμαστόν
881 3767 903 3823 εί

129 3854 171 3908 τῶν
183 3858 334 3933 στρατηγῶν
349 3853 432 3920 οὕτως
446 3852 575 3911 ἀπέθανον
588 3854 611 3911 ολ
626 3852 728 3926 πολλοὶ,
740 3852 805 3910 ὅπου
817 3875 846 3928 γε
858 3852 903 3911 καὶ

130 3941 216 4008 utiles
232 3942 356 4020 βασιλεὺς
371 3944 407 4008 εἷς
420 3939 514 4016 κώμην
528 3940 587 3999 τινά
600 3939 761 4020 ἀποληφθεὶς
776 3943 835 4015 μετ’
849 3940 903 3999 ὀλί-

99 4035 119 4075 tt
132 4049 176 4098 ζων
188 4033 353 4108 στρατιωτῶν
365 4029 475 4096 ἐξελθεῖν
488 4027 535 4103 μὲν
550 4029 594 4086 καί
602 4030 755 4097 ἀντιστῆναι
763 4028 816 4092 τοῖς
824 4029 904 4085 ἐπελ-

130 4117 204 4171 θοῦσιν
217 4119 263 4175 οὐκ
278 4119 425 4193 ἐτόλμησε,
441 4116 526 4193 μένων
545 4114 572 4174 δὲ
585 4116 671 4185 ἔνδον,
686 4119 738 4194 πῦρ
753 4113 903 4194 ἐξαψάντων

131 4201 239 4276 ἐκείνων,
259 4203 479 4285 συγκατερλέχθη
495 4211 547 4267 τοῖς
568 4202 640 4261 ἔνδον
663 4201 778 4273 ἅπασιν,
793 4204 840 4260 οὐκ
854 4204 903 4259 ἀν-

130 4288 194 4362 δμάσι
209 4293 299 4365 μόνον,
315 4292 385 4351 ἀλλά
400 4292 444 4350 καλ
458 4290 552 4357 ίπποις
571 4290 616 4349 καὶ
632 4290 716 4356 δοκοῖς
732 4290 779 4348 καί
791 4291 902 4370 τοίχοις,

132 4376 170 4432 καὶ
182 4379 263 4436 πάντα
277 4383 326 4457 μία
341 4378 432 4458 γέγονε
444 4379 531 4455 κόνις,
545 4377 599 4438 Καί
612 4378 711 4447 ταύτην
725 4379 748 4435 σί
768 4376 836 4453 μετά
858 4382 902 4435 τοῦ

101 4477 121 4514 u
133 4465 245 4538 βασιλέως
259 4467 415 4534 ἀπελθόντες
435 4470 471 4534 εἷς
492 4467 609 4540 πόλεμον
624 4464 682 4525 ἀντὶ
705 4470 749 4524 τοῦ
775 4463 903 4544 βασιλέως

133 4551 264 4624 ἐπανῆλθον
284 4559 318 4634 τῇ
338 4555 442 4633 γυναικί
457 4552 578 4634 ρέροντες
603 4550 650 4623 τὴν
677 4553 775 4633 ρωνην.
819 4553 902 4612 Οὐδὲν

133 4637 188 4716 γάρ,
207 4643 278 4701 οὐδέν
292 4648 344 4702 τῶν
366 4646 440 4720 ἐντῇ
462 4646 546 4719 σκηνῆ
561 4640 704 4719 γινομένοιν
724 4641 829 4711 καὶτῆς
850 4645 901 4700 τῶν

133 4725 215 4801 ἠρινῶν
226 4731 309 4789 ἀνθῶν
324 4730 394 4811 ῶρας
405 4731 439 4790 τὰ
453 4735 499 4788 τοῦ
517 4728 619 4806 κόσμου
634 4728 746 4808 λαμπρὰ
759 4727 900 4806 διενήνοχε.

136 4813 231 4892 Πρῶτον
253 4817 302 4895 μίν
322 4819 374 4901 γὰρ
388 4819 458 4901 πρίν-
473 4817 490 4890 ἢ
506 4823 620 4900 μανῆναι
634 4817 795 4898 opimoru-
811 4815 902 4875 ἔπειτα

106 4899 171 4974 θθθ,
183 4904 228 4962 κάν
251 4907 345 4988 μικρὸν
365 4910 503 4986 ἀναμεῖναι
519 4908 670 4986 ἀνάσχηται
688 4904 795 4984 χρόνον,
810 4903 902 4972 εὐθέως

136 4986 250 5069 εὔηθερτα
262 4993 370 5071 γίνεται.
413 4995 449 5054 Τί
463 4993 514 5073 γάρ
529 4999 576 5067 τῆς
589 4992 663 5073 παρὰ
673 4997 724 5051 τῶν
741 4994 845 5050 πολλῶν
860 5016 901 5050 τι·

138 5079 180 5147 pii<
195 5079 237 5137 καί
250 5080 325 5152 ἀοξης
343 5080 573 5160 ὠδαμινέστερον;
586 5082 644 5140 τίνα
659 5081 715 5160 ἔχει
727 5081 771 5138 τὸν
782 5082 882 5159 καρπὸν
894 5126 901 5156 ,

67 5205 69 5224 ι
138 5164 203 5223 ποίαν
215 5166 260 5239 τὴν
279 5169 382 5249 donnum
397 5172 433 5239 εἰς
454 5178 529 5229 ποῖον
549 5170 622 5238 τελος
633 5170 765 5249 χρήσιμον
782 5170 901 5249 ἀπαντᾷς

68 5285 69 5288 ¹
140 5251 184 5310 tiri
197 5253 244 5314 rite
259 5260 423 5336 τοῦτομόνον
445 5250 476 5332 35,
491 5257 521 5318 τὸ
535 5257 628 5319 δεινόν·
647 5257 702 5317 νυνὶ
724 5256 767 5335 δὲ,
782 5255 845 5337 πρὸς
864 5261 900 5336 τῶ

697 466 749 524 ΑΙ)
771 463 921 526 λίΙθθΑΜ
944 465 1152 530 tunionem

944 608 1034 660 nusum
1055 588 1229 672 percurrerint,
1248 609 1347 660 etnicis
1365 610 1467 662 incensis
1488 612 1612 675 captisque
1631 614 1732 665 urbibus

945 702 1045 754 domum
1058 705 1173 755 redeundi
1184 719 1281 758 omnem
1293 708 1462 770 cogitationem
1473 708 1619 772 abiecerint3
1636 725 1665 760 ac
1677 725 1732 774 per·

945 802 1001 851 iude
1019 803 1087 865 qnasi
1103 804 1203 853 choreas
1222 804 1350 865 ducerent,
1370 818 1417 854 non
1440 805 1530 856 bellum
1554 811 1679 871 gererent,
1699 810 1733 858 its

946 902 1041 948 nostros
1058 912 1142 949 omnes
1158 900 1271 962 irrident,
1290 904 1316 952 et
1333 901 1463 964 quemdum
1477 916 1508 952 ex
1524 903 1620 953 illorum
1636 906 1732 968 rrg²bus

946 996 1035 1046 dixisse
1046 996 1135 1056 terunt,
1151 997 1232 1048 mirari
1241 1011 1268 1047 se
1281 998 1455 1062 impudentium
1465 1004 1602 1051 nestrorum
1616 1003 1731 1062 militum,

946 1095 988 1156 qui
1006 1108 1063 1145 curn
1085 1097 1178 1146 tocitius
1195 1110 1268 1158 qnam
1285 1111 1344 1147 ores
1360 1097 1453 1148 soleant
1469 1098 1585 1161 jrrgutari,
1603 1099 1682 1149 adlruc
1698 1101 1731 1148 ri-

946 1194 1048 1242 cloriam
1063 1196 1178 1256 sperent,
1197 1206 1277 1256 neque
1293 1207 1324 1244 ex
1342 1207 1387 1243 sne
1405 1195 1500 1256 regione
1515 1196 1590 1245 retiut
1606 1196 1731 1245 executore.

946 1293 1006 1339 Nam
1021 1289 1071 1352 ipse
1084 1290 1183 1353 quidem
1198 1291 1274 1352 dixit,
1291 1303 1343 1340 sese
1355 1290 1403 1340 iltis
1412 1290 1533 1341 cedendis
1545 1293 1654 1342 sotietate
1668 1306 1733 1355 supe

946 1392 1046 1450 mptum
1059 1400 1118 1437 esse.
1151 1387 1291 1450 Quo-igilur
1301 1387 1382 1436 animo
1398 1390 1423 1437 et
1439 1391 1610 1451 imperatorem
1623 1390 1733 1453 elipsim

947 1499 1048 1536 onorem
1060 1486 1106 1535 isto
1117 1485 1190 1535 rerbs
1200 1483 1338 1534 audientem
1347 1484 1470 1534 existimes
1479 1489 1546 1534 esset

978 1586 1001 1629 ⁵.
1016 1582 1045 1629 Et
1053 1578 1168 1641 quonium
1178 1578 1251 1640 trojus
1262 1578 1317 1628 betti
1331 1579 1422 1631 mentio
1434 1578 1532 1641 incidit,
1546 1593 1659 1644 magnum
1673 1583 1732 1631 mitri

948 1672 1076 1721 uiduarum
1086 1685 1171 1734 agmen
1183 1673 1306 1732 perimit,
1325 1686 1429 1735 quarum
1441 1674 1496 1722 alim
1511 1675 1570 1723 otim
1580 1689 1611 1724 ex
1623 1677 1732 1726 uirorum

946 1766 1045 1827 ouldem
1063 1766 1179 1828 dignitate
1193 1765 1327 1828 plurimum
1344 1767 1479 1829 splendoris
1490 1771 1652 1830 aeceperunt,
1667 1782 1734 1819 nouo

947 1874 1006 1909 vero
1021 1863 1119 1921 repente
1129 1872 1214 1908 omnes
1226 1858 1293 1921 nigre
1310 1860 1461 1909 eoluctuosa
1475 1860 1537 1910 stolo
1548 1861 1643 1911 emictre
1661 1876 1734 1913 omne

947 1957 1043 2016 tempus
1059 1954 1084 2003 in
1102 1953 1206 2002 lacrimis
1221 1953 1324 2003 ducunt.
1357 1956 1439 2016 Neque
1453 1954 1499 2003 illis
1515 1955 1561 2003 true
1576 1954 1660 2004 datrmr
1681 1959 1731 2015 cel,

947 2048 1012 2110 quod
1025 2049 1142 2097 honorato
1160 2050 1203 2097 loo
1217 2047 1300 2109 rapiti.
1334 2050 1370 2097 Tu
1383 2048 1461 2110 enim,
1472 2048 1657 2111 oodmirsbitts,
1674 2054 1697 2100 el
1708 2050 1732 2099 io

948 2142 1037 2193 lectolo
1045 2142 1166 2203 jacentem
1178 2141 1258 2191 vidisti
1271 2142 1398 2191 tronestnm
1409 2142 1494 2202 illum,
1507 2147 1531 2192 et
1540 2156 1678 2205 supremam
1688 2158 1732 2192 au·

947 2235 1003 2285 disti
1014 2247 1107 2296 rocem,
1118 2247 1175 2283 enm
1182 2234 1271 2297 quibus
1281 2233 1360 2283 modis
1369 2248 1407 2284 res
1418 2233 1556 2284 domesticrc
1567 2235 1733 2285 oriministrso·

947 2329 985 2379 dn
992 2333 1071 2379 essent
1084 2333 1108 2379 le
1118 2329 1229 2388 doceret,
1239 2331 1264 2378 el
1273 2331 1419 2379 testamento
1429 2343 1526 2379 omnem
1538 2331 1609 2379 etieui
1622 2339 1733 2393 srrpctcu·

948 2424 1012 2473 libus
1024 2436 1053 2473 ec
1061 2423 1215 2485 symphontis
1227 2422 1320 2472 editum
1329 2422 1474 2482 obstrueret.
1508 2420 1574 2472 sune
1584 2423 1644 2471 illud
1653 2458 1660 2481 ,
1668 2424 1732 2486 quod

945 2518 1034 2580 jacenti
1053 2520 1150 2566 mortuo
1171 2530 1234 2579 serpe
1249 2516 1392 2576 incubuisti,
1410 2520 1435 2565 el
1452 2515 1561 2565 sueriata
1580 2529 1605 2565 es
1616 2516 1734 2566 ocutoset

947 2614 1093 2675 amplexans
1101 2625 1130 2661 ee
1142 2611 1238 2672 luxisti,
1255 2611 1468 2673 honestissimoque
1480 2611 1564 2660 ionem
1573 2611 1664 2660 etatum
1676 2611 1734 2659 ridi·

946 2708 992 2756 eli:
1010 2706 1190 2767 omnibusque
1202 2704 1303 2755 dccebot
1320 2718 1375 2765 ergo
1389 2704 1457 2753 illum
1466 2703 1551 2753 otticiis
1563 2704 1644 2753 luneio
1658 2718 1683 2754 es
1692 2740 1699 2764 ,
1709 2710 1734 2755 et

946 2803 1010 2864 iusta
1023 2799 1170 2863 persolvisti,
1181 2799 1244 2848 elad
1252 2798 1408 2861 sepulchrum
1415 2797 1655 2859 scepeeecedcnsnon
1665 2799 1734 2847 mini-

948 2910 1016 2945 mum
1024 2894 1141 2944 tunbertui
1150 2893 1239 2942 doloris
1248 2892 1368 2941 solaltnm.
1402 2890 1734 2953 tlloereroomnibusbnjm-

948 2990 1013 3039 modi
1025 2989 1115 3038 solatiis
1132 2989 1189 3037 sunt
1200 2986 1335 3045 deorum,
1353 2998 1410 3034 cum
1424 2997 1508 3034 omnes
1520 2984 1618 3047 qrridem
1636 2985 1668 3034 ad
1682 2986 1733 3035 bel·

949 3086 998 3134 tem
1012 3085 1129 3132 urisissmt
1139 3082 1203 3130 viros
1213 3093 1271 3129 suns
1279 3083 1406 3142 unusquam
1418 3092 1502 3128 rnrsns
1513 3079 1734 3141 ipsosrecoprmao,

948 3183 972 3229 et
986 3177 1177 3240 proittistristenr
1185 3176 1282 3224 ittornm
1292 3173 1377 3223 rrrortis
1383 3173 1519 3235 occeperint
1530 3173 1649 3222 nuntium.
1682 3176 1735 3223 lton

948 3272 1012 3322 enim
1022 3271 1150 3333 qnisquam
1157 3283 1258 3332 eorproro
1267 3269 1373 3331 ipsorum
1381 3269 1497 3328 atterens,
1506 3267 1547 3317 sed
1558 3267 1633 3317 rerba
1640 3271 1735 3316 tontum

949 3365 1034 3413 mortis
1040 3377 1116 3426 genus
1124 3361 1259 3423 narrantia,
1270 3359 1301 3409 ad
1314 3361 1377 3423 ipsos
1389 3360 1467 3410 rediit.
1501 3363 1593 3410 Verum
1612 3365 1668 3410 snrrt
1679 3375 1736 3423 ιμιεει

949 3472 1028 3520 nerine
1038 3459 1083 3507 bac
1095 3457 1145 3521 ipsa
1154 3454 1374 3517 narrationediguae
1384 3455 1473 3504 inerint
1482 3455 1583 3515 trebitae,
1591 3468 1735 3518 nequeqno·

949 3553 1022 3603 modo
1034 3553 1068 3602 illi
1080 3543 1209 3601 ceciderint
1219 3550 1301 3599 doceri
1310 3549 1447 3612 potuerint,
1460 3564 1515 3598 cum
1529 3549 1553 3598 in
1562 3562 1647 3612 mugno
1659 3564 1734 3599 creso·

950 3662 1003 3696 rum
1016 3660 1118 3696 numero
1135 3645 1234 3707 rettqnis
1244 3646 1324 3695 essent
1337 3644 1480 3694 coacervati.
1514 3644 1612 3707 litquid
1631 3645 1735 3704 mirum,

949 3742 968 3791 si
991 3741 1061 3791 mnttl
1088 3755 1118 3791 ex
1137 3741 1239 3789 ducibus
1262 3739 1308 3789 boe
1324 3738 1397 3788 modo
1415 3738 1571 3800 interierunt,
1587 3739 1688 3804 qnarrdo
1711 3744 1736 3789 el

951 3839 1084 3900 imperator
1102 3835 1152 3899 ipse
1164 3836 1188 3885 tn
1199 3835 1252 3884 riou
1264 3834 1371 3897 qrrodanr
1383 3847 1439 3883 cnm
1451 3834 1533 3896 poncia
1553 3833 1669 3883 militibus
1680 3847 1736 3883 con·

949 3934 1031 3983 clusus
1040 3931 1106 3981 exire
1115 3930 1213 3994 quidem
1225 3932 1250 3980 et
1259 3943 1311 3980 sese
1323 3929 1494 3979 incedentibus
1505 3941 1626 3990 opinonem
1636 3928 1736 3978 minime

949 4037 1022 4073 ansus
1032 4027 1083 4084 est,
1092 4022 1134 4073 sed
1145 4022 1210 4072 intus
1221 4035 1320 4072 monens
1331 4035 1433 4071 accenso
1444 4022 1475 4070 sb
1488 4021 1535 4070 iltis
1546 4021 1600 4083 igne
1618 4035 1666 4070 nnn
1677 4035 1746 4090 cnm·

950 4120 977 4166 is
988 4118 1115 4177 omnibus,
1125 4130 1185 4179 qnos
1194 4130 1275 4166 secum
1286 4116 1403 4176 lubebat,
1416 4116 1557 4165 combustus
1566 4118 1616 4177 est,
1625 4129 1669 4165 neo
1679 4116 1737 4166 uiris

949 4213 1037 4272 solum,
1050 4211 1092 4262 sed
1102 4212 1174 4262 etium
1184 4211 1261 4274 equis,
1274 4214 1300 4260 et
1309 4210 1430 4270 trabibus,
1442 4216 1467 4259 et
1476 4211 1614 4273 perietibus,
1622 4213 1737 4261 omnibus

950 4309 973 4357 in
984 4322 1060 4357 unum
1069 4311 1143 4370 alone
1155 4306 1268 4356 eumdem
1286 4306 1391 4354 cinerem
1402 4305 1565 4354 obeuntibus?
1580 4309 1658 4368 Atque
1670 4307 1735 4355 lruoc

950 4404 1063 4452 nuntium
1082 4403 1098 4450 ii
1116 4403 1158 4464 qui
1180 4413 1295 4450 unacum
1315 4401 1464 4461 Imperatore
1483 4398 1513 4448 ad
1527 4400 1617 4449 betium
1636 4401 1735 4463 protecti

950 4499 1059 4557 luerent,
1072 4496 1125 4546 loco
1136 4494 1288 4559 imperatoris
1298 4495 1372 4557 ipsius
1380 4495 1410 4543 ert
1421 4507 1523 4544 uxorem
1534 4498 1684 4558 reportantes
1696 4510 1734 4544 re·

948 4593 1054 4642 dierunt.
1087 4591 1150 4642 Nilril
1164 4592 1242 4652 enim,
1255 4589 1313 4639 nitrlt
1326 4590 1395 4651 plane
1409 4603 1437 4638 es
1450 4603 1505 4651 oum
1518 4590 1542 4639 in
1554 4589 1645 4638 mondo
1656 4590 1735 4651 splen-

948 4688 1004 4738 dido
1014 4689 1085 4748 erint,
1097 4685 1128 4736 eb
1140 4686 1168 4735 iia
1181 4698 1237 4748 uum
1249 4685 1273 4734 in
1282 4696 1353 4734 scena
1365 4687 1493 4746 geruntur,
1502 4688 1734 4747 elqrrearernomm

949 4784 1037 4844 tiorum
1051 4782 1178 4831 venustate
1189 4779 1314 4829 diliemnt.
1347 4779 1456 4828 Primum
1468 4778 1532 4827 enim
1544 4781 1674 4840 antequam
1688 4790 1733 4840 ep·

949 4881 1047 4943 pereunt
1062 4878 1226 4936 evanescunt,
1241 4874 1342 4935 deinde,
1357 4874 1430 4924 eliam
1449 4874 1468 4923 si
1481 4873 1607 4937 paululum
1619 4874 1734 4935 temporis

949 4978 1076 5036 maneant,
1089 4974 1137 5024 nito
1147 4977 1228 5023 lamen
1242 4972 1271 5021 nd
1289 4972 1414 5022 interilum
1425 4972 1561 5033 properant.
1594 4968 1657 5026 Quid
1667 4969 1732 5017 euim

949 5074 1052 5132 bonore,
1061 5072 1102 5135 qui
1117 5085 1132 5119 a
1147 5070 1218 5132 vulgo
1231 5069 1373 5129 extritrelur,
1383 5071 1407 5117 el
1420 5066 1495 5129 glorio
1507 5065 1593 5114 esitius
1601 5076 1630 5111 ac
1642 5063 1731 5115 vitius?

948 5183 1020 5233 quem
1042 5169 1163 5227 tructom,
1180 5179 1253 5229 quem
1267 5165 1396 5214 utilitatem
1412 5162 1648 5222 atterunthuonenr
1667 5159 1731 5209 bono

946 5265 1014 5314 extro
1035 5261 1229 5314 concluduntur?
1248 5263 1327 5322 Atque
1347 5256 1439 5326 utinam
1461 5253 1518 5304 nitril
1535 5251 1601 5303 eliud
1621 5252 1731 5306 sutresset
