3892 5867
158 425 205 503 θ’,
220 424 257 501 ”l

155 558 216 636 χθὸς
228 555 406 637 παραλειφθὲν
418 547 470 629 613
486 582 498 609 a
512 555 684 637 Περιεπάτει,
699 558 791 636 φησιν,
804 561 818 616 6
832 559 900 627 Θεὸς
909 561 935 618 ἐν

154 649 193 724 τῷ
209 644 362 724 παραδείσῳ
383 645 413 704 τὸ
439 645 589 708 δειλινόν.»
629 646 664 707 Τί
681 646 781 725 λέγεις,
798 649 855 708 είπέ
875 673 936 724 μοι,

158 734 318 812 Περιεπάτει
330 736 344 790 6
357 732 442 804 θεός,
458 734 498 791 Οὐ
513 734 664 812 περιεπάτει
676 737 689 791 6
703 735 781 801 Θεός·
792 740 848 802 πῶς
859 736 909 816 γάρ
923 739 937 794 6

155 824 295 896 πανταχοδ
309 818 400 895 παρὼν
412 817 457 877 καί
472 818 506 876 τὸ
520 820 607 877 πάντα
626 823 751 901 πληρῶν;
766 822 833 881 ilii
847 824 935 881 τοιού·

130 930 143 970 t
155 928 204 975 την
221 906 341 977 ἐνέθηκεν
353 905 472 975 αἴσθησιν
485 909 522 985 τῷ
533 906 632 982 Ἀδάμ,
645 905 679 964 ἵν’
694 909 784 966 ἑαυτὸν
801 908 934 989 συστείλη,

154 992 198 1049 ἵνα
220 992 259 1068 μὴ
276 992 462 1070 διακεχυμένος
477 984 512 1071 6,
535 993 579 1050 ἵνα
594 994 623 1051 τὸ
642 1002 730 1072 φυγεῖν
745 995 790 1053 καὶ
809 995 937 1073 κρυόῆναι

156 1079 236 1155 μέρος
247 1102 274 1136 τι
287 1082 335 1148 τῆς
355 1078 498 1154 ἀπολογίας
512 1080 746 1159 προκαταόάληται
760 1081 805 1140 καί
819 1083 871 1160 πρὸ
886 1087 936 1141 τῶν

155 1164 284 1245 ῥημάτων
302 1168 400 1226 αὐτῶν.
444 1164 572 1247 Καθάπερ
586 1165 637 1246 γάρ
653 1168 676 1223 ol
692 1167 829 1242 μέλλοντες
849 1172 884 1236 εἰς
897 1171 937 1227 δι-

153 1252 300 1332 καστήριον
323 1252 474 1330 εἰσάγεσθαι
488 1253 533 1312 καί
555 1254 659 1320 εὐθύνας
673 1257 725 1313 τῶν
742 1257 935 1333 πεπλημμελη-

118 1363 142 1404 ic
155 1341 239 1416 μένων
253 1341 358 1419 ὑπέχειν
367 1385 376 1413 ,
386 1342 554 1420 αύχμῶντες,
566 1345 710 1422 ρυπῶντες,
722 1344 841 1420 στυγνολ,
859 1367 936 1402 κατε·

154 1426 299 1504 σταλμένοι
319 1437 372 1494 τοῖς
397 1427 528 1496 δικάζουσι
552 1429 703 1508 φαίνονται,
728 1428 795 1486 ὥστε
816 1428 868 1487 άπὸ
892 1434 937 1488 rob

155 1514 296 1593 σχήματος
315 1513 407 1582 αύτούς
420 1516 455 1581 εἷς
470 1514 665 1593 φιλανθρωπίαν
680 1515 877 1574 ἐπισπάσασθαι
892 1515 936 1574 καί

155 1600 314 1679 συγγνώμην
326 1601 371 1659 καί
382 1599 469 1658 ἔλεον·
485 1599 553 1658 οὕτω
563 1602 607 1660 καί
621 1602 665 1660 iai
679 1607 724 1660 τοῦ
736 1601 819 1676 aeia
834 1600 934 1678 γέγονε.

157 1689 211 1748 itai
225 1688 279 1767 γὸρ
298 1689 348 1746 ἐδτι
365 1687 576 1764 κατεσταλμένον
591 1692 626 1755 εις
640 1688 669 1746 τὸ
682 1689 847 1763 δικαστήριον
865 1689 936 1746 eloe·

119 1797 144 1838 ιε
156 1779 254 1853 χθῆναι
266 1779 358 1832 τοῦτο·
369 1773 411 1833 διὸ
424 1779 500 1833 τοῦτο
508 1773 650 1854 προλαόιὸν
662 1774 738 1832 αὐτὸν
753 1780 766 1833 6
783 1774 849 1838 Θεὸς
863 1772 938 1831 συνέ-

156 1864 269 1921 στειλεν.
313 1861 382 1920 Ἀλλ’
396 1860 436 1918 ότι
451 1862 498 1936 μέν
516 1884 555 1929 τις
569 1861 721 1940 περιεπάτει
735 1861 845 1940 ᾔσθετο·
859 1859 936 1919 πόθεν

157 1950 182 2008 δὲ
193 1950 313 2025 ἐνόμισεν
325 1949 365 2008 ότι
374 1951 388 2006 6
397 1948 465 2014 Θεὸς
473 1950 641 2028 περιεπάτει,
653 1952 777 2008 Τοιοῦτον
788 1951 840 2006 τῶν
853 1947 937 2028 ἆμαρ·

156 2036 287 2095 τενόντων
302 2034 332 2093 τὸ
344 2034 400 2100 ἔθος
414 2032 484 2092 ἐστί·
495 2034 581 2092 πάντα
597 2035 784 2111 ὑποπτεύουσι,
799 2035 845 2101 τάς
863 2035 937 2100 σκιὸς

155 2123 300 2202 τρέμουσι,
314 2122 402 2179 πάντα
423 2123 506 2201 ψόφον
529 2121 678 2193 δεδοίκασι,
692 2120 739 2179 καί
762 2120 871 2181 ἕκαστον
897 2122 937 2179 ἐπ’

118 2209 251 2276 εοαύτούς
267 2210 382 2287 βαδίζειν
403 2209 547 2286 νομίζουσι.
591 2207 709 2275 Πολλοὺς
730 2214 791 2287 γοῦν
813 2207 938 2276 πολλάκις

157 2296 253 2359 ἰδόντες
271 2294 310 2371 ἐφ’
323 2294 413 2371 ἑτέραν
429 2293 571 2373 τρέχοντας
594 2294 745 2367 διακονίαν,
761 2294 883 2371 ἐνόμισαν
896 2297 938 2352 ἐπ’

156 2380 250 2446 αὐτούς
264 2379 339 2447 ἥκειν
349 2383 373 2438 οἱ
389 2381 564 2460 ἁμαρτόντες,
582 2380 627 2438 καί
639 2381 725 2439 ἄλλων
740 2381 808 2440 ἄλλοι
819 2381 883 2459 πρὸς
892 2384 937 2439 άλ-

155 2470 251 2540 λήλους
275 2468 480 2546 διαλεγομένων,
502 2471 526 2526 el
545 2468 689 2533 συνειδότες
721 2470 821 2535 ἑαυτοῖς
850 2468 938 2548 ἁμαρ·

155 2555 212 2613 τίαν
222 2553 284 2634 περὶ
295 2557 380 2612 αὐτῶν
391 2555 502 2621 ἐκείνους
513 2555 676 2633 διαλέγεσθαι
685 2555 828 2629 νομίζουσι.
844 2558 937 2615 Τοιοῦ-

36 2672 37 2677 ’
117 2666 199 2704 εετον
214 2642 266 2721 γὸρ
286 2645 303 2713 6
322 2641 454 2720 ἁμαρτία·
470 2643 572 2710 οὐδενὸς
592 2641 742 2721 ἐλέγχοντος
767 2640 939 2719 προδίδωσιν,

35 2752 36 2759 ’
155 2729 258 2795 ούδενδς
273 2735 479 2807 κατηγοροῦντος
496 2731 663 2796 καταδικάζει
684 2731 729 2787 καί
744 2730 857 2810 ψοφοδεῆ
872 2737 940 2788 ποιεῖ

154 2817 200 2874 καί
215 2816 300 2874 δειλὸν
314 2816 357 2875 τὸν
369 2816 560 2895 ἡμαρτηκότα·
582 2815 672 2894 ὥσπερ
687 2807 730 2874 σύν
746 2821 763 2888 6
785 2816 935 2888 δικαιοσύνη

154 2905 316 2964 τούναντίον.
357 2899 481 2963 Ἄκουσον
498 2908 559 2980 γοῦν
575 2907 631 2970 πῶς
649 2904 694 2962 καί
709 2903 800 2961 τούτου
818 2902 866 2973 τὴν
882 2907 937 2961 δει-

34 3058 35 3071 ³
153 2991 232 3063 λίαν,
248 2991 368 3049 κάκείνω
384 2992 433 3061 τὴν
453 2991 604 3071 παρρησίαν
624 2992 804 3072 ύπέγραθενί,
830 2990 938 3072 Γραφή·

34 3084 35 3115 ³
118 3099 143 3137 au
160 3106 171 3129 α
189 3076 295 3153 Φεύγει
322 3081 336 3136 6
360 3077 472 3153 doab6c,
493 3079 589 3157 φησὶν,
621 3078 730 3153 μηδενὸς
754 3078 938 3145 διώκοντος.»

157 3167 221 3231 Πῶς
241 3163 344 3231 οὐδενὸς
359 3164 492 3230 διώκοντος
508 3164 610 3245 φεύγει,
623 3162 717 3222 Ἐνδον
733 3165 787 3244 ἔχει
801 3164 844 3221 τὸν
859 3163 936 3222 ἐλαύ·

154 3250 303 3321 νοντα,τὸν
317 3256 361 3309 rob
376 3251 518 3318 συνειδότος
533 3251 696 3331 κατήγορον,
713 3251 758 3310 καί
772 3256 860 3308 τοῦτον
871 3274 938 3309 παν-

156 3345 242 3417 ταχοῦ
253 3338 403 3418 περιφέρει·
421 3340 467 3398 καὶ
479 3338 596 3418 καθάπερ
610 3339 701 3397 ἑαυτὸν
716 3341 762 3396 οὐκ
777 3337 808 3396 δν
819 3336 938 3409 δυνηθείη

156 3429 266 3503 φυγεῖν,
276 3424 356 3491 οὕτως
369 3425 428 3483 οὐδὲ
443 3426 485 3484 τὸν
501 3424 600 3484 ἔνδοθεν
614 3426 691 3484 αὐτὸν
703 3424 863 3499 ἐλαύνοντα,
880 3424 938 3482 ἀλλ’

118 3535 143 3574 ao
157 3512 277 3590 ὅπουπερ
297 3512 328 3570 δν
354 3512 435 3589 άπίη,
458 3514 612 3589 μαστίζεται
637 3512 682 3571 καί
706 3519 810 3589 τραῦμα
834 3512 938 3570 ἀνίατον

155 3603 229 3679 ἔχει·
240 3601 299 3658 ἀλλ’
311 3601 383 3678 ούχδ
396 3599 493 3667 δίκαιος
506 3605 631 3666 τοιοῦτος.
674 3598 753 3658 ’λλλὸι
764 3600 855 3671 ποῖος;
870 3624 882 3651 a
896 3599 941 3659 bi·

156 3713 232 3755 καιος
258 3690 294 3753 ὡς
315 3687 381 3745 λέων
398 3687 549 3749 πέποιθε.»
593 3690 717 3753 Τοιοῦτος
745 3678 777 3758 ἦν
797 3689 811 3744 6
829 3686 939 3752 Ἠλίας·

157 3766 212 3834 εἶδε
233 3779 297 3852 γοῦν
312 3773 355 3831 τὸν
373 3773 483 3852 βασιλέα
498 3774 563 3849 πρὸς
577 3774 654 3832 αὐτὸν
667 3773 807 3852 ἐρχόμενον
817 3815 826 3845 ,
838 3771 883 3830 καί
903 3775 940 3831 εί-

157 3862 254 3927 πόντος
270 3861 385 3935 ἐκείνου,
401 3889 413 3913 ι
427 3857 489 3922 Ἵνα
503 3861 529 3919 τί
543 3858 707 3941 διαστρέφεις
720 3860 764 3918 τὸν
786 3858 825 3919 Ἰσ
843 3859 896 3930 eiii
908 3882 938 3931 »3

119 3977 145 4012 ro
160 3978 170 4000 ι
182 3951 239 4006 Οὔκ
250 3947 302 4025 ἐγὼ
315 3946 476 4027 διαστρέφω,
490 3948 581 4028 φησιν,
598 3948 666 4006 άλλὸι
682 3946 714 4005 σύ
729 3946 775 4006 καί
787 3951 801 4006 6
814 3883 882 4013 οίκος
895 3953 940 4005 τοῦ

160 4037 261 4116 πατρός
272 4059 329 4096 σου.
343 4062 356 4089 ν
371 4035 486 4107 Ἀληθῶς
505 4036 602 4101 δίκαιος
619 4038 654 4101 ὥς
667 4033 733 4092 λέων
748 4034 870 4093 πέποιθε·
889 4056 940 4091 κα-

159 4122 245 4201 θάπερ
265 4121 316 4199 γάρ
329 4120 395 4179 λέων
412 4121 525 4179 κυνιδίου
537 4121 605 4187 τινὸς
623 4121 752 4191 εὐτελοῦς,
763 4118 830 4178 olima
844 4119 941 4188 κατεξ-

160 4210 256 4280 ανέστη
270 4214 314 4267 τοῦ
326 4208 467 4289 βασιλέως·
483 4207 569 4268 καίτοι
582 4208 728 4289 πορφυρίδα
745 4196 814 4288 ι’ίχεν
833 4208 939 4284 ἐκεῖνος,

160 4300 220 4357 ἀλλ’
245 4288 301 4375 εἶχε
327 4295 453 4374 μηλωτὴν
478 4287 568 4369 οὗτος,
591 4296 696 4372 ίμάτιον
718 4299 765 4365 τῆς
787 4295 942 4375 πορφυρίδος

121 4416 147 4455 ia
160 4385 259 4456 ἐκείνης
275 4384 440 4465 σεμνότερον.
483 4381 518 4443 ‘ii
534 4382 581 4458 μὲν
595 4381 646 4461 γάρ
659 4382 785 4463 πορφυρὶς
801 4382 885 4452 ἐκείνη
897 4381 941 4439 τὸν

160 4472 237 4549 λιμὸν
257 4471 329 4531 ίτεοιε
343 4472 386 4530 τὸν
398 4470 530 4549 χαλεπὸν,
547 4474 564 4541 6
579 4467 688 4543 μηλωτνλ
703 4468 730 4528 δέ
744 4469 811 4540 αὕτη
825 4468 859 4528 τὸ
871 4468 941 4528 δεινὸ

161 4560 263 4635 ἐλυσεν,
278 4558 360 4641 [αύτη
371 4559 415 4617 τὸν
430 4558 565 4637 Ἰορδάνην
574 4558 695 4637 ἔσχισεν,
711 4556 777 4629 αθτη
793 4557 835 4614 τὸν
850 4554 940 4615 Ἐλισ-

160 4649 234 4705 σαῖον
246 4647 352 4704 διπλοῦν
367 4644 460 4707 Ἠλίαν
475 4644 607 4716 ἐποίησεν.
623 4656 627 4663 ’
655 4643 699 4702 'ss'
709 4642 777 4715 πόση
791 4647 843 4702 τῶν
860 4642 940 4720 ἇγίων

160 4739 177 4806 6
190 4731 284 4810 ἀρετή·
293 4732 351 4811 οὗχί
360 4734 393 4790 τὸ
404 4731 509 4812 ῥήματα
522 4734 606 4791 αὐτῶν
618 4730 694 4806 μόνα,
704 4728 760 4789 eiii
772 4729 805 4788 τὸ
816 4728 940 4806 σώματα,

123 4844 150 4884 ω
163 4821 229 4878 ἀλλὰ
253 4818 299 4876 καί
322 4817 390 4877 αὐτὸ
409 4818 443 4877 τὸ
458 4817 552 4893 ἱμάτια
579 4822 611 4895 τῇ
632 4818 715 4875 κτίσει
739 4815 812 4895 πάσηΙ
831 4816 942 4876 πάντοτέ

161 4909 229 4966 ἐστιν
259 4906 395 4981 αἰδέσιμα.
438 4905 473 4966 ‘ll
499 4905 608 4983 μηλωτη
632 4905 723 4964 τούτου
745 4904 790 4963 τὸν
807 4905 940 4982 Ἰορδάνην

161 4994 251 5073 ἐσχισε
263 5037 272 5065 ,
286 4994 319 5052 τὸ
335 4992 493 5068 ὑποδήματα
506 4997 558 5051 τῶν
572 4995 650 5072 τριῶν
661 4992 762 5051 παίδων
774 4992 805 5051 τὸ
826 4999 877 5073 π’ῡρ
893 5015 942 5050 κα-

161 5081 328 5157 τιπάτησαν,
339 5081 369 5139 τὸ
381 5080 453 5149 ξύλον
463 5085 508 5139 τοῦ
519 5079 673 5140 Ἐλισσαίου
679 5081 711 5139 τὸ
720 5082 801 5138 iiam
813 5079 940 5157 patibulis

164 5169 207 5231 ael
221 5168 339 5250 σιδήριον
352 5168 418 5248 ὑπὲρ
432 5172 480 5240 τῆς
491 5169 642 5248 ἐπιφανείας
655 5167 792 5248 βαστάζειν
807 5166 936 5240 ἐποίησεν·

790 425 957 488 nuliius
979 426 1142 491 oculis.

1702 451 1760 505 426

983 563 1128 613 aniemireri
1142 563 1252 615 relictum
1265 565 1328 616 iulii
1341 567 1547 633 deambulabat,
1556 570 1653 635 lnqnli(
1664 574 1726 625 Gen.
1736 582 1761 627 a.

984 661 1033 719 a),
1048 663 1116 710 Deus
1133 664 1162 710 in
1183 662 1310 725 perediae
1326 667 1355 715 in
1369 666 1486 716 meridie.
1518 667 1581 727 Quid
1593 669 1643 729 aie,
1656 683 1757 733 queso,

988 759 1174 810 uramioioiai
1187 765 1278 812 Deus?
1295 766 1348 814 ιιοο
1360 765 1529 818 deambulabat
1540 772 1605 818 Deus
1618 788 1625 819 ι
1638 771 1762 831 ηιιοιιιοιιο

982 858 1045 907 enirn
1058 859 1147 922 ubique
1158 874 1261 923 presens
1278 868 1303 912 et
1313 864 1393 913 omnia
1407 865 1527 926 implens?
1538 868 1579 916 sed
1601 870 1625 918 lu
1638 870 1715 920 Adam
1727 873 1762 919 ia·

987 954 1032 1004 lem
1043 969 1139 1005 mosum
1154 959 1247 1021 posuit,
1260 961 1287 1010 ui
1298 974 1323 1011 se
1335 962 1412 1023 ipsum
1429 963 1581 1026 demitteret,
1592 979 1622 1015 ne
1634 967 1763 1017 dissolutus

982 1061 1057 1115 esset,
1068 1057 1095 1106 ul
1108 1057 1218 1117 lugiendo
1230 1061 1255 1108 et
1268 1058 1362 1110 lateudo
1374 1061 1477 1124 aliquem
1492 1065 1654 1114 excusationis
1669 1069 1762 1127 partem

983 1152 1006 1201 iu
1017 1156 1166 1204 antecessum
1179 1156 1317 1219 deponeret,
1329 1159 1366 1208 rel
1378 1162 1433 1210 aule
1444 1161 1493 1223 ipss
1506 1163 1585 1212 rerba.
1618 1165 1762 1213 sicutenim

982 1250 1023 1312 qui
1046 1251 1071 1301 lu
1090 1251 1207 1312 iudicium
1227 1254 1361 1305 adducendi
1388 1259 1445 1306 sunt
1463 1259 1646 1308 commissorum
1677 1273 1762 1322 poenaa

983 1349 1100 1410 subituri,
1110 1351 1223 1413 squalidi,
1236 1352 1476 1415 sordentes,irisies,
1490 1356 1585 1404 demissi
1593 1356 1761 1417 judicantibus

983 1450 1111 1508 apparent,
1126 1449 1155 1497 ut
1168 1461 1197 1496 ex
1215 1448 1296 1498 liabitu
1310 1449 1373 1510 ipsos
1385 1449 1416 1498 ed
1435 1448 1606 1499 humanitatem
1621 1457 1646 1500 et
1662 1452 1762 1501 reniam

982 1548 1007 1595 et
1026 1547 1211 1597 misericordiam
1230 1547 1327 1597 tralrant
1346 1561 1353 1591 ε
1372 1548 1407 1597 sic
1425 1550 1450 1598 et
1464 1549 1487 1597 in
1507 1549 1583 1599 Adam
1601 1550 1690 1600 laetum
1712 1556 1760 1600 eat.

982 1644 1114 1706 Oportebat
1125 1646 1188 1695 enlm
1202 1646 1335 1695 demissum
1345 1646 1369 1695 ln
1384 1646 1501 1709 judicium
1513 1647 1559 1696 laec
1568 1649 1629 1697 trahi
1640 1665 1647 1709 ς
1660 1652 1756 1711 propter

983 1744 1029 1792 iroc
1042 1746 1159 1806 praevenit
1171 1747 1249 1808 ipsum
1259 1749 1324 1796 Deus
1336 1748 1360 1795 ei
1375 1745 1498 1808 depressit.
1531 1747 1578 1796 Sed
1597 1747 1661 1809 qrrorl
1675 1747 1762 1811 aliquis

982 1842 1161 1906 deambularet,
1170 1846 1245 1896 eeusit
1255 1845 1352 1907 quidem
1362 1847 1401 1895 iile
1413 1861 1421 1895 .·
1433 1846 1498 1896 uude
1509 1860 1565 1896 reru
1574 1847 1686 1907 cogitarit
1697 1847 1763 1910 qued

985 1951 1050 1998 Deus
1068 1949 1251 1999 deambularet?
1271 1950 1336 2001 Telis
1359 1952 1396 2000 est
1422 1951 1572 2013 peccandum
1587 1964 1641 2000 mos
1661 1951 1763 2027 :emula

983 2054 1093 2113 adspecta
1117 2051 1221 2113 habent,
1247 2052 1344 2101 umbras
1365 2055 1487 2112 tremunt,
1509 2066 1605 2102 omnem
1631 2034 1759 2115 strepitum

982 2157 1081 2219 timent,
1096 2166 1218 2219 quemque
1232 2159 1316 2220 putant
1326 2162 1410 2207 eontra
1424 2170 1451 2208 se
1461 2158 1551 2207 redire.
1584 2158 1673 2208 Multos
1689 2160 1763 2219 igitur

984 2272 1048 2323 saepe
1067 2259 1197 2323 conspirati
1211 2259 1242 2308 ad
1262 2259 1327 2308 aliud
1348 2260 1508 2310 mmisierium
1526 2265 1664 2321 currentes,
1686 2261 1717 2309 ad
1733 2275 1760 2312 se

983 2365 1066 2416 redire
1084 2365 1248 2426 cogitaverunt
1264 2366 1415 2426 peccatorem
1435 2365 1460 2413 ei
1479 2363 1531 2413 aliia
1543 2363 1590 2412 alia
1603 2365 1684 2414 omnia
1697 2365 1760 2415 inter

985 2482 1011 2520 se
1029 2468 1217 2528 disserentibus,
1231 2468 1321 2530 peccati
1330 2467 1377 2517 sibi
1388 2467 1446 2531 ipsis
1458 2469 1547 2517 conscii
1560 2473 1646 2531 putent
1661 2469 1714 2518 ilios
1729 2470 1761 2519 de

984 2583 1010 2620 se
1030 2571 1193 2621 aenneeinari.
1208 2578 1231 2621 2.
1250 2571 1313 2621 Talis
1333 2572 1396 2620 euim
1419 2585 1458 2621 res
1479 2574 1603 2634 peccatum
1621 2577 1673 2634 esi,
1695 2573 1762 2623 uuile

986 2673 1065 2735 prodit
1087 2677 1214 2735 arguente,
1235 2673 1303 2723 nullo
1323 2673 1467 2723 condemnat
1486 2678 1629 2735 accusante,
1647 2673 1763 2736 pavidum

985 2778 1043 2827 lacit
1063 2782 1088 2827 et
1107 2778 1217 2827 timidum
1238 2780 1399 2841 peecatorem,
1422 2777 1483 2828 siem
1496 2778 1588 2839 lustitia
1605 2778 1761 2828 contrarium.

984 2880 1046 2929 Audi
1056 2880 1119 2930 euim
1131 2881 1251 2943 quomodo
1267 2883 1291 2930 ei
1304 2882 1376 2943 liujus
1388 2894 1500 2945 perorem
1510 2885 1533 2933 ei
1545 2882 1609 2931 iilius
1621 2883 1757 2933 libertatem

984 2984 1105 3045 Scriptura
1115 2983 1249 3046 designavit
1262 2996 1268 3026 ι
1280 2986 1359 3046 impii
1370 2988 1463 3048 impius
1475 2988 1577 3035 nemine
1582 2990 1762 3049 persequente,

984 3089 1082 3151 iuquit(
1096 3092 1168 3138 Pron.
1182 3094 1219 3138 aii.
1232 3089 1268 3148 i).
1301 3088 1429 3145 Quomodo
1446 3091 1602 3150 persequente
1613 3090 1709 3139 neminie
1723 3089 1763 3137 lu·

983 3192 1034 3254 gili
1057 3194 1125 3243 lutus
1141 3192 1214 3241 babet
1232 3197 1340 3254 agentem
1365 3192 1517 3242 muselenlim
1539 3194 1716 3253 accusatorem,
1736 3194 1763 3243 et

984 3296 1048 3345 huuc
1061 3296 1150 3358 ubique
1170 3296 1308 3345 circumferi
1326 3296 1372 3346 :ei
1392 3296 1455 3345 sicut
1473 3307 1499 3345 se
1519 3295 1598 3358 ipsum
1618 3309 1665 3346 uon
1681 3298 1760 3358 potest

985 3400 1078 3462 lugere,
1091 3401 1126 3450 ric
1144 3413 1188 3449 nec
1202 3413 1257 3449 eum
1266 3400 1308 3462 qul
1324 3400 1389 3449 intus
1398 3399 1477 3462 ipsum
1489 3399 1576 3461 agitat,
1586 3400 1627 3449 sed
1643 3413 1762 3463 quocum·

984 3516 1032 3566 que
1056 3503 1140 3565 abeat,
1163 3502 1306 3565 flagellatur,
1331 3507 1355 3552 ei
1380 3501 1469 3552 rrrlnus
1490 3502 1564 3552 babet
1581 3503 1763 3554 immedicabile.

984 3609 1016 3656 lt
1024 3620 1072 3656 non
1081 3608 1135 3657 talis
1142 3609 1271 3668 estiusiua.
1278 3607 1324 3657 sed
1335 3607 1413 3670 qualis
1420 3610 1432 3656 i
1439 3606 1502 3656 Audi
1510 3620 1516 3650 ι
1523 3610 1617 3659 resim
1627 3611 1765 3672 tamqnam

986 3710 1038 3771 ieo,
1051 3709 1128 3771 inquii
1147 3708 1260 3771 (ibid),
1281 3708 1395 3771 considit.
1427 3709 1492 3760 Talis
1507 3711 1559 3759 erat
1572 3710 1654 3760 Helias
1674 3729 1681 3759 ε
1704 3709 1765 3761 vidit

986 3815 1049 3867 euim
1059 3827 1136 3875 regem
1149 3813 1178 3863 ad
1189 3825 1215 3863 se
1230 3814 1382 3875 venientem,
1396 3815 1422 3863 et
1432 3804 1525 3864 dicente
1539 3813 1580 3863 llio
1591 3815 1601 3876 (
1611 3821 1634 3865 a.
1650 3819 1708 3876 lien.
1724 3819 1760 3865 ts.

989 3923 1025 3969 ii.
1044 3924 1072 3969 18
1082 3919 1105 3981 ),
1120 3922 1154 3969 ut
1175 3918 1239 3982 perid
1252 3921 1381 3981 pervertis
1401 3919 1503 3968 irruet?
1516 3921 1573 3968 ll‘on
1589 3932 1633 3982 eqo
1646 3922 1765 3983 perverto

987 4022 1085 4084 isreel,
1096 4021 1187 4084 inquii,
1196 4019 1242 4068 aeci
1255 4021 1283 4068 tu
1294 4021 1320 4068 ei
1331 4017 1421 4067 domur
1431 4020 1519 4079 patris
1532 4020 1583 4067 lui.
1614 4018 1676 4067 Vere
1683 4018 1765 4079 iustus

987 4128 1014 4175 ut
1027 4126 1064 4174 leo
1077 4124 1175 4174 conlidit
1191 4101 1352 4173 :sicutenim
1367 4121 1404 4171 leo
1415 4120 1439 4169 iu
1455 4120 1526 4169 rilem
1537 4120 1663 4181 catellum,
1675 4119 1709 4170 sic
1723 4121 1764 4172 iiie

987 4230 1012 4278 in
1023 4240 1102 4289 regem
1114 4226 1256 4288 lneurreait;
1271 4224 1365 4274 ιιοιειει
1385 4234 1516 4285 purpuram
1532 4222 1636 4272 babebat
1651 4222 1707 4285 lile,
1721 4223 1764 4274 aad

987 4334 1027 4383 bic
1042 4334 1146 4383 meloten
1162 4330 1280 4392 babebat,
1293 4328 1460 4379 indumentum
1478 4340 1584 4391 purpura
1602 4328 1649 4378 lsia
1664 4341 1765 4380 reuera·

986 4436 1067 4486 bilius.
1098 4439 1206 4498 Purpura
1216 4433 1280 4484 euim
1295 4434 1334 4482 iiia
1345 4432 1431 4482 lamem
1444 4433 1538 4495 peperit
1550 4445 1661 4495 grarem3
1677 4433 1765 4484 melote

986 4543 1067 4590 autem
1082 4539 1135 4588 bec
1153 4538 1300 4588 calamitates
1311 4530 1509 4598 discussii,[haee
1523 4536 1653 4587 iordauem
1668 4536 1764 4599 dirlrii,

987 4645 1041 4695 haec
1050 4642 1163 4694 niueum
1172 4641 1291 4705 duplicem
1302 4641 1377 4690 iliam
1387 4639 1452 4691 feeit.
1494 4643 1616 4703 oquania
1625 4643 1764 4691 sanetorum

986 4749 1078 4799 rlriusi
1091 4760 1139 4798 aon
1149 4748 1199 4798 sola
1211 4747 1318 4810 ipeomm
1328 4745 1416 4808 rerba,
1428 4758 1473 4796 uec
1485 4758 1602 4808 corpora,
1614 4745 1657 4795 sed
1674 4746 1698 4795 ei
1712 4744 1765 4807 ipsa

986 4852 1126 4903 Indumenta
1134 4853 1250 4902 creaturae
1256 4850 1322 4901 omni
1333 4852 1448 4913 perpetuo
1456 4855 1513 4900 suut
1521 4849 1675 4900 venerabilia.
1685 4846 1765 4910 Hujus

986 4956 1334 5017 meloteiordenemdirlsi13
1356 4956 1516 5008 calceamenta
1537 4955 1612 5006 trlum
1633 4964 1763 5015 puemmm

987 5068 1065 5133 ignem
1078 5066 1298 5130 muculearemnt3
1314 5066 1393 5117 Eiisei
1407 5066 1498 5127 iignum
1511 5074 1585 5126 aquas
1598 5059 1719 5122 mutarit,
1737 5061 1764 5111 et

987 5174 1015 5224 ni
1028 5173 1118 5226 terrum
1135 5173 1160 5223 iu
1178 5171 1304 5236 superaris
1327 5170 1450 5234 portarem
1470 5165 1549 5219 eiecit
1575 5178 1582 5209 τ
1605 5163 1679 5216 blesis
1695 5163 1762 5228 eirea
