3892 5867
205 345 259 396 154

200 464 234 523 τδι
244 489 288 524 του
272 465 413 537 ”πλησίον
427 466 627 546 ἐκελεύσθημεν.
671 475 759 550 Τιμῆς
771 472 822 556 γλιρ
836 481 900 554 ἠγορ
902 477 983 550 α’σθη·

200 576 264 628 μεν
257 553 325 612 όδέ
339 555 548 634 ἀγοράσαςὴμᾶς
557 564 634 619 τοῦτο
645 561 894 645 προσέταξενέπλτῇ
909 573 982 647 κοινῇ

199 641 304 701 πάντων
314 647 390 720 ἡμῶν
401 646 558 723 λυσιτελείᾳ
597 649 664 707 Οὐδὲ
676 649 726 728 γδρ
736 657 814 712 τοῦτο
826 653 904 729 μόνον
915 678 982 730 συμ-

198 727 324 787 θείνει
299 753 330 789 το
350 729 381 789 κε’
383 733 458 811 ρδος,
472 731 558 792 ὅτι
532 758 565 791 τα
579 737 662 794 οἰκεῖα
681 737 797 812 σώζομεν
812 740 897 815 μελη,
920 712 981 801 ἀλλ’

166 843 180 880 ε
199 814 239 875 ότι
253 818 324 876 καλὲ
311 818 418 888 ἑαυτοὺς
429 822 456 878 ἐν
467 822 597 903 ύσφαλεία
610 830 776 903 καθιστῶμεν
792 829 898 904 μείζονι.
921 830 980 891 Κᾶν

195 903 248 984 γδρ
264 906 386 985 μυριάκις
406 909 565 1016 φιλοσοφῇς,
584 913 618 968 δι’
637 915 723 971 αὐτῶν
738 914 883 995 ἐλίγγῃ”
847 941 929 977 των
911 942 979 998 πρα·

195 992 318 1069 γμιίτων,
333 1018 362 1053 ου
350 993 424 1066 ’τὴν
439 1004 571 1076 τυχοῦσαν
591 999 730 1079 δεχόμενος
749 1004 853 1082 βλοίόην
869 1005 967 1064 ἀπὸ
934 1032 980 1074 της

197 1080 372 1152 συνοικήσεως
382 1082 489 1156 ταύτης
528 1083 617 1146 Οταν
631 1087 682 1168 γδρ
696 1089 744 1147 ίδω
759 1112 789 1148 σε
804 1093 979 1153 δυσαποσπά-

195 1175 261 1234 στως
271 1192 283 1226 ε
282 1191 375 1247 γοντα,
385 1170 431 1233 καί
442 1170 541 1251 μυρίων
552 1175 745 1252 βλαπτομένων
753 1186 977 1260 καταφρονοῦντα,

155 1270 182 1312 tu
194 1255 241 1314 καλ
261 1260 367 1316 πολλῶν
386 1259 567 1336 ἐγκαλούντων
582 1261 641 1321 οὐδὲ
659 1266 897 1346 ἐπιστρεφόμενον,
909 1268 978 1327 etit

193 1343 239 1402 καὶ
249 1344 297 1416 τλν
311 1347 387 1414 δόξαν
398 1352 492 1406 ἑαυτοῦ
506 1356 723 1424 καταπατοῦντα,
734 1353 829 1411 καλ
793 1378 831 1412 τω
841 1349 918 1414 κοννῶ
932 1361 979 1427 τῆς

194 1429 359 1504 Ἐκκλησίας
379 1457 479 1514 προστρ
466 1433 603 1513 ριῦόμενον
622 1440 782 1518 κατηγορίαν
802 1414 914 1515 πολλὴν,
932 1442 978 1501 καί

191 1517 225 1575 τὰ
238 1523 289 1576 τῶν
304 1521 422 1579 ἀπίστων
442 1523 578 1599 ἀνοίγοντα
595 1524 731 1601 στόματα,
748 1528 845 1585 καί
807 1551 908 1596 παντας
927 1554 978 1587 πο-

191 1615 260 1686 νηρῦ
276 1608 506 1687 περιθοίλλοντα
492 1609 569 1690 δόξῃ,
596 1613 641 1670 καλ
664 1622 779 1673 τοσαῦτα
800 1616 879 1693 μέν’
864 1619 917 1676 απὸ
931 1625 977 1677 τοῦ

153 1711 177 1752 tt
193 1695 319 1754 συνοικεῖν
338 1696 424 1769 κακδ,
450 1698 547 1774 ἀγαθὸν
569 1698 596 1757 δὲ
612 1700 694 1777 μηδὲν
717 1706 778 1777 ὑμῖν
799 1673 974 1782 ἐγγινόμενον,

190 1784 243 1840 αἰπο
230 1782 280 1841 δὲ
292 1789 336 1841 τοῦ
349 1792 502 1863 χωρισμοῦ,
521 1784 618 1845 τούτοιν
633 1789 681 1864 μὲν
698 1790 822 1850 ἁπάντων
837 1791 885 1864 τὴν
898 1794 974 1850 tiat-

193 1894 291 1948 ρεσιν
279 1876 330 1930 τῶν
346 1876 447 1949 κακῶν,
465 1876 571 1934 πολλῶν
595 1877 622 1934 δὲ
641 1877 736 1958 ἑτέρων
755 1884 847 1951 κτῆσιν
862 1883 976 1958 αγαθῶν,

189 1982 246 2017 ειτα
259 1961 307 2017 οὐκ
319 1961 479 2040 ἀνεχόμενον
491 1965 679 2072 α’ποπηδησιιι,
692 1969 749 2034 πῶς
759 1968 903 2045 δυνήσομαι
917 1975 975 2027 πεῖ-

192 2070 237 2104 σαι
251 2046 310 2114 τοὺς
321 2050 508 2126 ἐγκαλοῦντας,
523 2049 562 2109 ότι
582 2053 670 2122 πόσης
688 2054 839 2125 ἀπήλλαξαι
855 2080 974 2136 προσπα

147 2152 175 2192 au
190 2135 277 2208 θείας,
291 2136 337 2194 καὶ
351 2137 490 2214 ἐπιθυμίας
510 2129 536 2197 εἶ
553 2150 668 2219 πονηρᾶς
684 2143 796 2222 καθαρός
802 2169 810 2217 ;
826 2148 935 2205 Μᾶλλον
947 2147 974 2205 δὲ

188 2223 261 2282 οὐδὲν
277 2223 343 2304 ὑπὲρ
361 2224 460 2283 τούτων
479 2228 633 2306 φιλονεικῶ
648 2229 708 2287 ἀλλ’
727 2231 795 2290 ἔστω
807 2256 837 2291 σε
851 2224 917 2291 εἶναι
929 2258 973 2292 και

190 2317 360 2371 συνοικοῦντα
375 2314 503 2393 καθαρόν·
518 2316 604 2374 καίτοι
624 2340 654 2395 γε
672 2321 686 2375 6
704 2319 832 2400 μακύριος
850 2320 916 2381 ’tbi
927 2325 973 2380 οὐκ

187 2398 318 2475 ἐτόλμησε
341 2400 472 2473 τοσαύτην
494 2405 581 2483 ἑαυτῷ
603 2410 771 2486 μαρτυρῆσαι
795 2406 904 2485 δύναμιν
928 2412 973 2469 καί

192 2485 356 2567 φιλοσοφίαν,
369 2489 427 2546 ἀλλ’
437 2492 452 2547 6
463 2498 552 2548 πᾶσαν
565 2491 680 2549 ἐπελθὼν
691 2495 796 2573 ἀρετὴν,
808 2496 853 2554 καί
867 2497 972 2556 πάντων

147 2588 174 2628 ts
188 2574 367 2681 baspsseLbrie
386 2581 438 2635 τῶν
460 2584 505 2636 τοῦ
526 2579 650 2637 διαθολου
662 2581 782 2656 δικτύων,
801 2584 847 2642 καί
871 2590 973 2666 πρῶτος

186 2662 233 2720 καλ
263 2664 342 2740 μόνος
363 2663 495 2737 τοσαύτην
526 2666 720 2743 ἐπιδειξόμενος
752 2672 900 2751 καρτερίαν,
926 2675 971 2733 καί

186 2752 272 2809 πάντα
292 2751 397 2830 σίδηρον
413 2753 459 2810 καί
472 2752 660 2829 ἀδάμαντα
628 2779 660 2834 τῃ
676 2760 722 2826 τῆς
735 2760 822 2837 ψυχῆς
835 2762 971 2841 παρελθὼν

186 2839 341 2946 ἐγκρατε,
284 2837 323 2896 ία
363 2839 408 2899 καί
431 2842 584 2951 κατακόφας
598 2847 644 2902 τοῦ
666 2843 757 2903 tratti
744 2848 790 2903 λου
812 2845 860 2919 τὴν
885 2847 968 2957 ἰοχμν,

185 2924 265 2993 οὕτως
279 2884 458 3000 ἐδίδοίκειτὴν
472 2932 596 3003 τοιαύτην
606 2931 707 3009 πάλην,
719 2956 765 2990 και
755 2933 940 3010 ἐνόμιζεν’
907 2938 969 2996 αού·

144 3033 172 3074 ao
185 3035 290 3071 νατονε
278 3004 347 3073 εἶναι
357 3021 529 3076 συνοικοῦντα
543 3018 664 3099 παρθένῳ
678 3019 763 3086 με’νειν
776 3024 853 3094 ἀσινῆ
866 3024 910 3082 καὶ
920 3049 968 3083 κα·

184 3101 279 3210 θορὸν,
294 3105 330 3169 ὡς
350 3103 482 3180 μὴμόνον
505 3111 551 3179 τῆς
574 3108 749 3178 συνοικήσεως
763 3110 861 3181 ταύτης
879 3113 970 3194 πόρρω

183 3211 228 3245 και
219 3189 352 3267 μακρὰν
375 3192 466 3250 ἐαυτον
486 3200 665 3269 καταστῆσαι,
678 3195 747 3253 ἀλλὰ
768 3220 813 3256 και
828 3203 874 3271 τῆς
886 3200 970 3306 ὄφεως

183 3280 230 3344 τῆς
244 3276 336 3344 ἁπλῶς
358 3300 403 3336 και
393 3278 472 3336 ἀπο
496 3282 636 3359 συντυχίας
656 3283 808 3359 γινομένης,
828 3286 918 3344 καλ’
889 3312 968 3365 νομον

185 3362 261 3433 ἔθηκε
284 3372 337 3431 τοῖς
357 3367 501 3446 ὀφθαλμοῖς
523 3370 577 3435 τοῖς
599 3373 708 3441 ἑαυτοῦ,
731 3370 799 3447 μηδὲ
818 3374 908 3443 ἁπλῶς
934 3381 969 3444 εἰς

143 3449 311 3529 ωπαρθενον
326 3454 433 3514 ίδειν
442 3451 520 3540 itast
531 3456 629 3536 γὰρ
613 3479 670 3537 ηοει
682 3460 877 3538 σαφως,ότι
852 3484 881 3520 ου
890 3487 966 3538 μονον

184 3540 227 3598 τόν
242 3546 429 3619 συνοικοῦντα,
445 3544 513 3602 ἀλλὰ
527 3545 572 3602 καί
585 3546 629 3603 τὸν
641 3545 773 3625 βλέποντα
782 3550 923 3629 περιέργως
933 3556 967 3619 εἰς

183 3630 242 3708 ὄψιν
256 3632 413 3711 παρθενικὴν
427 3631 561 3706 δύσκολον,
572 3631 641 3712 τύχα
658 3632 686 3691 δὲ
701 3633 746 3692 καί
761 3635 899 3716 ἀδύνατον,
919 3640 965 3711 τὴν

183 3720 279 3776 ἐκεῖθεν
291 3720 424 3798 διαφυγεῖν
440 3718 559 3800 βλοίθην·
574 3721 613 3779 διὸ
625 3721 711 3800 ἔλεγε,
727 3750 738 3775 a
754 3725 808 3783 itai
818 3729 846 3784 οὐ
862 3728 966 3800 συνῆσω

183 3805 226 3863 ε’πλ
239 3805 370 3884 παρθένῳ.
387 3835 400 3858 ι

142 3915 169 3955 tu
226 3893 298 3952 Ιιδέ
313 3917 403 3973 μικρος
420 3916 501 3953 σοι
480 3894 544 3974 πρὸς
566 3893 718 3972 ἅμιλλανθ
741 3897 820 3970 Ἰὼῦ,
837 3924 922 3959 καιτοι
936 3926 964 3979 γε

183 3980 241 4039 οὐδὲ
256 3985 302 4053 τῆς
317 3983 426 4060 κοπρίας
438 3982 516 4060 ἐσμὲν
529 3949 636 4049 ἄξιοί
605 4009 650 4056 της
663 3986 761 4044 ἐκείνου
771 3988 861 4063 πλην
869 3991 964 4046 αλλ’
942 4009 965 4048 ει

181 4067 290 4126 ἔλαττόν
312 4090 358 4126 σου
377 4093 421 4140 της
435 4071 634 4176 μεγαλοφυχίας
648 4063 716 4130 εἶναι
734 4074 845 4149 νομίζεις
859 4075 888 4133 τὸ
900 4077 963 4134 ὑπό·

182 4159 325 4233 δ.ι,γμα
314 4157 436 4229 εννόησον
457 4159 501 4216 τὸν
520 4162 771 4241 μεγαλοφωνότατον
794 4186 897 4240 κηρυκα
918 4170 964 4236 τῆς

182 4245 305 4315 ἀληθείας
316 4248 434 4321 Παῦλον,
444 4245 470 4313 δς
479 4246 587 4306 ἅπασαν
594 4247 736 4326 περιελθὼν
743 4248 792 4319 τὴν
799 4250 963 4326 οἰκουμένην,

140 4334 226 4391 τεκαὶ
244 4334 360 4404 δυνηθείς
375 4337 457 4393 εἰπεῖν
471 4339 558 4394 ἐκεῖνα
574 4337 605 4395 τὰ
620 4340 719 4407 πολλῆς
733 4337 847 4416 γέμοντα
860 4341 963 4421 φιλοσο-

182 4423 242 4501 φίας
257 4422 380 4503 ρήματα,
392 4422 432 4481 ὅτι
443 4424 530 4483 ούκέτι
543 4427 619 4492 αὐτὸς
633 4426 673 4496 εἴη
684 4429 745 4502 ζῶν,
755 4426 813 4484 ἀλλ’
825 4425 841 4496 ἢ
854 4427 965 4505 λ’ριστδς

181 4513 207 4567 ἐν
222 4514 303 4591 αὐτῷ,
321 4510 367 4568 καλ
384 4509 423 4569 ότι
435 4513 599 4591 ἐσταύρωται
614 4517 651 4591 τῶ
668 4514 770 4593 κόσμῳ,
784 4513 829 4571 καί
841 4518 855 4571 6
868 4515 963 4592 κόσμος

181 4599 263 4676 αὐτῷ,
274 4598 319 4656 καί
328 4597 368 4654 ὅτι
382 4602 442 4656 καθ’
452 4601 553 4680 ἡμέραν
565 4601 725 4671 ἀποθνήσκει
735 4601 802 4676 μετὰ
812 4600 859 4673 rbi
869 4625 963 4662 τοσαυ-

151 4679 153 4682 ’
181 4710 229 4758 την
242 4692 288 4745 τοῦ
301 4685 449 4763 πνεύματος
461 4689 539 4800 Laipso
551 4691 597 4746 καὶ
608 4687 655 4760 τὴν
668 4688 799 4759 τοσαύτην
811 4695 863 4749 τῶν
877 4692 962 4751 ἄθλων

139 4793 167 4834 tu
180 4774 301 4843 ἐπίδειξιν
303 4775 433 4852 ,μετδι
395 4799 453 4843 τους
463 4776 574 4857 ἀφοίτους
583 4777 749 4854 κινδύνους,
745 4775 814 4834 μετὰ
827 4777 875 4848 τὴν
887 4781 963 4859 ηκρι-

180 4863 301 4942 θυιμένην
314 4865 481 4947 φιλοσοφίαν,
493 4864 592 4932 δεικνὺς
603 4871 669 4942 ἡμῖν
678 4865 724 4924 καλ
738 4867 910 4945 παραδηλῶν,
923 4867 963 4927 ότι

180 4952 256 5021 ἕως
243 4978 275 5012 αν
290 4952 445 5032 ἐμπνέωμεν
457 4976 503 5013 και
521 4953 622 5025 τλν’
588 4977 638 5033 σαρ
640 4977 704 5012 κα
690 4979 763 5030 ιιμεν
787 4956 962 5034 περικείμενοι

180 5046 289 5116 ταύτην,
301 5043 526 5120 παλαισμάτωνί
510 5048 573 5120 ἡμῖν
587 5043 665 5122 χρεία
686 5043 781 5103 κοιλ
745 5067 842 5119 πονων,
855 5047 939 5103 καί’
914 5070 961 5105 ουκ

182 5132 251 5196 ἐστιν
262 5105 436 5213 ἀπραγμόνως
449 5099 614 5214 κατορθῶσαι
626 5132 796 5216 σωφροσύνην
809 5135 881 5208 ποτὲ,
893 5136 960 5196 ἀλλὰ

656 341 812 403 CONTRA
834 346 905 406 Eos
927 347 995 421 QUI
1018 349 1123 413 APUD
1143 355 1188 416 si:
1210 360 1366 424 flabant

1688 389 1817 468 (σῶμα.)

1028 491 1090 552 jussi
1101 507 1196 561 snmus,
1215 514 1262 551 ιιοιι
1274 516 1330 566 qum
1341 510 1422 556 nostra
1439 512 1508 573 siant,
1521 515 1562 564 sed
1576 531 1633 580 qnae
1645 527 1752 584 proximi
1763 544 1819 593 spe

1028 596 1103 646 ctare.
1137 602 1217 658 Pretio
1226 605 1290 654 enirn
1307 610 1365 659 emti
1378 624 1476 673 sumus,
1488 617 1512 664 et
1527 622 1569 680 qui
1580 633 1624 670 nos
1643 625 1760 691 redemit,
1770 632 1820 682 Ιιοσ

1028 698 1143 761 praecepit
1160 699 1351 757 incommodam
1369 712 1505 765 animarum
1522 724 1660 774 nostrarum
1675 729 1818 781 utilitatem.

1027 796 1079 845 tion
1097 798 1162 849 eninr
1182 801 1228 852 buc
1245 805 1322 855 sotium
1343 813 1453 862 nostrum
1474 819 1511 866 est
1528 818 1637 884 fucmm,
1659 829 1687 875 nt
1705 832 1820 882 membra

1026 900 1110 948 nostra
1126 914 1263 966 servemus,
1277 909 1319 958 sed
1335 913 1362 961 ut
1378 925 1421 961 nos
1432 916 1506 967 etiam
1519 919 1583 981 ipsos
1600 923 1626 972 io
1644 927 1733 987 maiori
1745 945 1818 981 serra·

1027 997 1097 1048 ritate
1113 1003 1297 1059 constituamus.
1331 1013 1447 1090 Quamuis
1465 1018 1529 1066 enim
1551 1021 1637 1072 millies
1657 1027 1817 1094 philosophe·

1026 1096 1059 1146 ris
1065 1099 1322 1163 ,redargueristameu
1333 1123 1375 1173 per
1391 1125 1472 1176 opera,
1485 1115 1602 1169 damnum
1616 1136 1647 1173 ex
1659 1124 1704 1176 fiac
1713 1131 1818 1182 cubabi-

1024 1197 1117 1248 tatione
1130 1206 1274 1266 accepturus
1282 1219 1331 1256 non
1342 1210 1449 1273 uulgare.
1484 1217 1586 1275 Quando
1594 1224 1689 1275 enimte
1697 1226 1768 1278 video
1780 1232 1816 1281 ita

1024 1299 1094 1348 aretii
1110 1314 1160 1351 non
1177 1317 1259 1368 posse,
1275 1309 1300 1357 et
1317 1310 1393 1360 miliia
1413 1326 1498 1365 eorum
1518 1317 1654 1385 despicere,
1664 1327 1756 1387 quibus
1768 1331 1815 1380 da·

1024 1413 1109 1453 uanum
1121 1405 1285 1470 infertur,nec
1298 1415 1407 1464 converti
1422 1418 1447 1466 te
1458 1420 1508 1467 tam
1520 1422 1603 1473 muitis
1613 1430 1813 1489 reprehendenti·

1029 1497 1081 1556 bus,
1092 1500 1133 1548 sed
1142 1505 1166 1550 et
1175 1503 1274 1563 gloriam
1283 1507 1349 1558 tuam
1362 1514 1510 1578 conculcare,
1520 1521 1684 1586 Ecclesiaeque
1700 1539 1813 1589 υιεςιιιιιιι

1027 1594 1140 1647 invidiam
1153 1603 1348 1670 conssare,aiquo
1361 1610 1492 1664 infidelium
1502 1630 1544 1666 ora
1558 1624 1667 1685 operire,
1677 1639 1812 1690 omnesque

1026 1698 1089 1746 irrata
1097 1700 1212 1762 opinione
1226 1705 1348 1770 imbuere,
1364 1715 1388 1761 et
1401 1714 1467 1764 tanta
1479 1719 1576 1779 quidem
1586 1735 1614 1770 ex
1627 1724 1811 1779 cottabitaiiune

1025 1800 1088 1845 nasci
1104 1800 1179 1862 mata,
1196 1804 1289 1855 nulfum
1305 1813 1385 1860 arriem
1400 1818 1526 1875 provenire
1542 1820 1645 1885 bouum;
1663 1839 1694 1874 ex
1708 1841 1809 1889 separa·

1025 1900 1088 1949 tione
1106 1916 1161 1953 uero
1173 1906 1260 1957 tiorum
1275 1913 1384 1962 omnium
1400 1919 1518 1968 maiorum
1527 1923 1704 1987 sublationem,
1720 1932 1811 1980 mulfo-

1025 2014 1079 2050 rum
1095 2007 1175 2052 autem
1185 2007 1285 2058 afiorum
1295 2011 1413 2064 bonorum
1429 2022 1602 2077 possessionem
1611 2026 1711 2086 adipisci
1723 2031 1809 2090 ficere,

1020 2097 1107 2149 deindo
1126 2114 1182 2150 cum
1205 2104 1295 2156 resitire
1315 2107 1390 2170 notis,
1413 2113 1537 2172 quomodo
1555 2119 1700 2178 persuadere
1725 2126 1813 2184 potero

965 2235 971 2256 ,
1020 2196 1072 2246 afiis
1083 2199 1149 2260 quud
1168 2201 1302 2253 affectionis
1314 2205 1346 2254 sis
1361 2219 1448 2269 expers
1461 2212 1512 2259 eta
1533 2216 1727 2277 concupiscentia
1745 2223 1812 2272 mata

1021 2299 1112 2357 purus?
1125 2301 1246 2350 imovero
1263 2315 1335 2366 super
1346 2305 1384 2354 urs
1400 2307 1460 2357 niirii
1474 2313 1608 2376 contendo;
1617 2316 1659 2366 sed
1675 2321 1729 2369 esto
1742 2322 1811 2383 quod

1019 2393 1051 2443 sia
1062 2395 1136 2446 etiarn
1150 2398 1311 2450 cohabitando
1322 2415 1409 2464 purus,
1422 2408 1534 2467 quamuis
1545 2423 1576 2460 no
1591 2412 1639 2463 Job
1655 2416 1755 2478 qrridem
1769 2419 1811 2469 iiie

1020 2489 1104 2540 beatus
1112 2506 1187 2544 ausus
1198 2495 1243 2545 fuit
1254 2498 1470 2551 tantumvirtutem
1478 2505 1503 2553 et
1511 2506 1652 2568 sapientiam
1661 2511 1708 2560 sibi
1719 2513 1810 2563 adscri-

1020 2582 1088 2646 bere3
1099 2586 1139 2634 sed
1148 2589 1190 2650 qui
1199 2602 1296 2640 omnem
1306 2600 1447 2646 exercuerat
1457 2598 1582 2662 virtutem,
1593 2605 1707 2656 omnibus
1716 2608 1810 2659 diaboii

1019 2680 1112 2727 retibus
1123 2683 1232 2743 superior
1243 2689 1368 2748 eraserat,
1378 2689 1419 2751 qui
1432 2691 1524 2752 primus
1537 2698 1561 2743 et
1572 2696 1638 2746 sotus
1649 2700 1744 2750 mutam
1757 2705 1807 2752 for·

1019 2774 1147 2826 titudinem
1157 2777 1344 2845 demonstrauit,
1354 2785 1378 2834 et
1388 2798 1460 2837 omne
1469 2787 1558 2839 ferrum
1568 2792 1754 2848 etadumantem
1764 2813 1809 2850 sua

1019 2872 1167 2923 continentia
1179 2880 1360 2940 praetergressus
1371 2882 1527 2936 subnervavit
1542 2887 1632 2940 diaboti
1645 2895 1807 2956 potestatem,

1017 2966 1051 3015 sio
1069 2968 1160 3018 ueritus
1173 2973 1226 3019 erat
1241 2974 1314 3023 talem
1331 2988 1450 3041 pugnarn,
1462 2983 1487 3030 et
1505 2981 1538 3031 ita
1553 2987 1649 3046 putavit
1659 2989 1807 3052 impossibiie

1017 3075 1067 3111 esse
1077 3064 1216 3115 cohabitare
1228 3068 1371 3132 uirginisine
1379 3072 1467 3123 damno
1479 3077 1613 3141 etpurum,
1623 3086 1651 3134 ut
1664 3099 1713 3136 non
1724 3090 1805 3141 sotum

1016 3168 1030 3204 a
1044 3157 1221 3209 cohabitatione
1237 3161 1281 3211 tati
1301 3166 1385 3224 procul
1403 3170 1427 3215 et
1446 3168 1515 3231 ionga
1530 3185 1556 3222 se
1567 3175 1663 3238 ipsum,
1678 3182 1720 3230 sed
1737 3188 1762 3233 et
1773 3187 1806 3234 ab

1016 3254 1112 3311 aspectu
1124 3264 1222 3314 prorsus
1232 3256 1384 3306 eiconsortfo
1396 3259 1552 3324 subduxerit,
1562 3258 1690 3333 legemque
1697 3279 1806 3336 posuerit

1015 3347 1090 3396 orastis
1101 3348 1258 3399 suisomnino
1268 3351 1293 3401 in
1304 3352 1420 3416 virginem
1433 3371 1464 3407 ne
1478 3362 1596 3423 respicere
1609 3367 1718 3429 quidem.
1737 3375 1804 3424 Saia-

1017 3439 1058 3489 bat
1070 3441 1133 3489 enim
1146 3445 1170 3491 et
1180 3444 1255 3504 probe
1267 3450 1366 3497 noverat
1379 3452 1443 3512 qarod
1456 3467 1505 3503 non
1517 3457 1595 3507 sotum
1607 3462 1786 3518 cottabituntom
1793 3507 1802 3531 ‚

1014 3533 1090 3584 sedet
1104 3536 1261 3597 aspicientem
1277 3541 1371 3592 curiose
1380 3543 1404 3592 in
1417 3545 1500 3596 faciem
1510 3550 1608 3611 virginis
1619 3554 1726 3620 disicite,
1741 3562 1802 3614 forto

1014 3632 1095 3678 autem
1102 3633 1127 3680 et
1137 3631 1283 3694 impossibiie
1292 3636 1323 3684 sit
1330 3639 1436 3701 effirgere
1443 3641 1639 3709 darnnum‚quod
1648 3651 1705 3703 inde
1712 3657 1800 3707 oritur.

1015 3724 1187 3787 propterquod
1198 3730 1222 3776 et
1235 3726 1330 3780 dicebat
1339 3733 1347 3792 (
1356 3732 1413 3783 lob.
1425 3739 1462 3782 31.
1478 3742 1484 3783 f
1500 3736 1519 3797 )‚
1529 3740 1566 3787 ιλιι
1576 3743 1684 3803 sopitam
1697 3749 1802 3810 quidem

1014 3816 1162 3878 συνέποιτο.

1045 3921 1067 3963 5.
1081 3917 1112 3964 At
1128 3915 1148 3964 si
1164 3929 1252 3977 paraus
1270 3919 1368 3970 videtur
1377 3921 1422 3971 tibi
1441 3923 1471 3973 ad
1482 3929 1604 3979 certamen
1616 3933 1677 3995 Job,
1688 3941 1799 3997 quamtis

1013 4021 1096 4058 revera
1117 4022 1195 4072 neque
1209 4015 1314 4061 stercore
1330 4014 1394 4064 itiius
1405 4016 1481 4066 simus
1500 4018 1580 4081 digni;
1598 4031 1799 4082 verumtamensi

1013 4103 1092 4153 urinus
1104 4110 1145 4154 triu
1159 4107 1355 4167 magnanimitate
1368 4124 1418 4160 esse
1428 4117 1497 4175 parias
1506 4118 1654 4182 exemptum,
1665 4126 1745 4186 cogita
1755 4140 1798 4178 νο-

1012 4199 1158 4248 citissimum
1174 4215 1307 4262 praeouem
1326 4206 1432 4255 veritatis
1445 4210 1561 4269 Paufrrm,
1571 4216 1612 4275 qui
1623 4218 1704 4267 totum
1714 4221 1798 4272 orbem

1012 4295 1112 4352 circuit,
1123 4298 1147 4344 et
1161 4296 1240 4346 dicere
1252 4300 1330 4359 potiut
1347 4302 1418 4350 rerba
1428 4302 1468 4351 iffa
1478 4306 1554 4354 inulta
1564 4309 1681 4370 sapientia
1695 4315 1798 4378 referta,

1011 4387 1095 4451 qrrod(
1108 4390 1193 4439 Gratot.
1204 4398 1225 4439 υ.
1239 4395 1345 4452 tuition
1356 4395 1405 4456 jam
1418 4397 1467 4458 ipse
1479 4398 1510 4446 sit
1524 4400 1618 4463 vivens,
1632 4404 1675 4454 sed
1688 4408 1799 4460 caristus

1011 4483 1034 4531 iu
1048 4484 1108 4545 ipso,
1121 4486 1145 4533 et
1153 4485 1217 4546 spraud
1228 4488 1236 4547 (
1248 4488 1303 4536 Gai.
1316 4494 1339 4537 c.
1353 4494 1379 4538 ti
1390 4489 1399 4547 )
1410 4491 1582 4544 crtrcifixussit
1593 4499 1686 4547 mundo
1695 4504 1720 4550 ut
1729 4516 1798 4552 mun-

941 4604 947 4622 ,
1010 4577 1056 4626 dua
1082 4578 1140 4640 ipsi,
1159 4582 1184 4628 et
1202 4579 1267 4641 qrtod
1285 4581 1293 4640 (
1311 4588 1320 4629 1
1336 4585 1393 4631 Cor.
1412 4586 1512 4646 fatti
1530 4588 1638 4648 qriofidie
1656 4595 1794 4647 moriatur:

1010 4673 1064 4733 post
1075 4674 1167 4721 tantam
1183 4673 1281 4735 spiritus
1296 4677 1396 4736 gratiam
1409 4679 1434 4725 et
1455 4679 1521 4728 tanta
1542 4683 1703 4734 censorinum
1722 4689 1796 4750 speci·

1010 4765 1088 4828 urina,
1112 4771 1167 4828 post
1198 4768 1365 4821 inenarrabifia
1389 4772 1511 4833 pericula,
1531 4778 1584 4836 post
1609 4779 1659 4827 tom
1678 4781 1793 4832 eximium

1009 4861 1121 4922 perfectae
1141 4861 1266 4923 sapientiae
1285 4864 1402 4924 studium,
1415 4864 1522 4916 desierat
1540 4867 1610 4918 nubis
1630 4872 1655 4919 et
1669 4883 1792 4922 common·

1008 4956 1069 5004 strat
1090 4955 1170 5018 quod,
1190 4956 1267 5006 douec
1282 4957 1453 5019 spiraverimus
1468 4961 1493 5008 et
1519 4959 1565 5009 trac
1585 4974 1659 5012 carne
1679 4964 1791 5014 fuerimus

1008 5051 1166 5113 circumdati,
1185 5053 1356 5102 certaminibus
1369 5054 1437 5104 nobis
1449 5068 1509 5117 opius
1529 5057 1559 5105 sit
1569 5060 1592 5105 et
1605 5057 1738 5119 tuburtino,
1750 5071 1789 5108 ne-

1008 5161 1054 5210 que
1066 5148 1117 5198 ctio
1129 5148 1286 5210 terriperautiu
1297 5151 1403 5211 paretur,
1416 5150 1456 5200 scd
1468 5151 1549 5201 fritillis
1556 5151 1684 5202 sudoribus
1691 5154 1714 5203 et
1724 5152 1789 5201 fabo·
