3892 5867
212 447 273 504 212'

236 641 368 696 ΛΟΓΟΣ
382 642 442 695 ΕΙΣ
458 641 539 696 ΤΟΝ
556 641 770 696 ΜΑΚΑΡΙΟΝ
788 643 971 698 ΒΑΒΥΑΑΝ

267 837 321 880 ΚΑΙ
336 836 414 880 ΚΑΤΑ
430 837 601 881 ΙΟΪΛΙΑΝΟΥ
615 837 670 882 ΚΑΙ
685 838 768 882 ΠΡΟΣ
783 839 941 882 urrunnu.

253 994 288 1056 Ὁ
310 997 404 1073 Κύριος
418 1000 494 1072 ἡμῶν
517 997 618 1067 Ἰησοῦς
636 997 748 1077 Χριστὸς
768 999 872 1071 μέλλοιν
889 997 954 1075 πρὸς
968 996 997 1054 τὸ

213 1083 295 1148 πάθος
316 1084 367 1155 ἤδη
384 1093 479 1163 χωρεῖν
501 1086 607 1144 καὶτὸν
629 1087 739 1144 θάνατον
760 1086 933 1157 ἀποθνήσκειν
952 1084 997 1143 τὸν

187 1178 199 1216 ⁶
215 1176 355 1245 ζωοποιὸν,
375 1177 442 1254 αὐτῇ
457 1180 489 1254 τῇ
503 1174 639 1254 τελευταίᾳ
655 1175 727 1233 νυκτί
739 1174 852 1242 καλέσας
871 1176 924 1254 ἰδία
938 1173 999 1240 τούς

215 1265 307 1319 ἑαυτοῦ
326 1264 462 1338 μαθητάς,
481 1264 549 1322 ἄλλα
564 1287 593 1321 τε
608 1263 728 1342 διελέχθη
747 1263 832 1322 πολλὰ
849 1263 894 1321 καὶ
912 1286 997 1340 παρη·
1029 1335 1036 1348 ¹

214 1373 286 1420 νεσε,
299 1351 344 1408 καὶ
356 1353 423 1428 μετὰ
435 1356 486 1410 τῶν
499 1353 586 1411 ἄλλων
601 1343 659 1410 εἶπέ
671 1376 696 1410 τι
715 1352 759 1410 καὶ
774 1359 888 1432 τοιοῧτρν
902 1354 998 1418 αὐτοῖς·

215 1467 226 1489 ο
242 1437 339 1512 Ἀμὴν,
361 1439 432 1515 ἀμὴν
454 1438 522 1519 λέγω
546 1441 624 1515 ὑμῖν,
648 1445 662 1498 δ
681 1440 814 1498 πιστεύων
837 1443 872 1506 εἰς
896 1441 941 1515 ἐμὲ
964 1441 998 1498 τλι

216 1525 295 1604 ἔργα,
309 1526 326 1583 ἃ
340 1527 392 1604 ἐγὼ
406 1532 491 1600 ποιῶ,
505 1530 622 1594 κάκεῖνος
633 1528 752 1600 ποιήσει,
767 1529 812 1587 καλ
826 1530 931 1604 μείζονα
943 1528 999 1587 τού·

179 1614 203 1652 ¹⁰
215 1637 266 1672 των
290 1615 406 1684 ποιήσει,
425 1644 437 1666 ν
481 1615 574 1675 Καίτοι
589 1616 681 1673 πολλοὶ
700 1614 782 1694 ἕτεροι
797 1616 951 1674 διδάσκαλοί
970 1640 998 1675 τε

217 1702 400 1779 ἐγένοντο,κα“ι
411 1702 529 1777 μαθητὰς
538 1704 615 1782 ἔσχον
624 1748 632 1775 ,
640 1702 685 1760 καί
696 1704 816 1779 θαύματα
828 1704 999 1775 ἐπεδείξαντο,

218 1790 303 1855 καθὼς
325 1789 463 1861 Ἑλλήνων
484 1793 575 1857 παῖδες
589 1791 784 1868 κομπάζουσιν,
801 1791 859 1850 ἀλλ’
873 1790 943 1868 ὅμως
955 1794 1000 1851 οὗ·

217 1877 267 1944 διἰς
281 1878 404 1936 οὐδέποτε
417 1877 520 1936 ἐκείνοιν
534 1884 647 1937 τοιοῦτον
660 1878 732 1937 οὐδὲν
743 1877 802 1938 οὔτε
816 1882 852 1947 εἷς
863 1885 921 1937 νοῦν
936 1879 999 1938 ἐθά-

216 1967 290 2036 λετο,
303 1965 361 2024 οὔτε
376 1967 457 2024 εἰπεῖν
478 1967 632 2043 ἐτόλμησεν·
644 1969 698 2026 οὐδ’
714 1966 746 2026 ἂν
763 1968 847 2047 ἔχοιεν
862 1967 1000 2038 Ἑλλήνων

217 2055 323 2123 παῖδες,
333 2052 381 2110 κᾶν
391 2053 478 2112 πάντα
491 2056 703 2135 θναισχυντοῖεν,
716 2055 843 2122 ἐπιδεῖξαι
855 2057 1000 2135 πρόρρησιν

218 2138 234 2209 ἢ
248 2141 323 2216 λόγον
338 2146 453 2200 τοιοῦτον
467 2141 586 2218 κείμενον
601 2143 664 2222 παρ’
680 2146 777 2209 αὐτοῖς·
790 2143 859 2202 άλλλι
872 2145 1001 2223 φάσματα

219 2226 266 2302 μὲν
281 2232 332 2287 τῶν
342 2231 537 2308 κατοιχομένων
549 2231 594 2288 καλ
609 2235 705 2310 νεκρῶν
719 2253 794 2289 τινων
809 2231 904 2289 εἴδωλα
919 2230 1000 2300 δεῖξαι

221 2315 315 2374 πολλοὶ
327 2315 439 2384 πολλοὺς
453 2319 517 2396 παρ’
534 2320 620 2385 αὐτοῖς
635 2318 844 2394 θαυματοποιούς
859 2341 939 2398 poor,
956 2320 1001 2377 καὶ

219 2402 305 2481 φωνὰς
312 2404 341 2462 δέ
350 2428 421 2470 τινας
430 2405 483 2464 ἀπὸ
496 2407 631 2483 μνημείων
645 2406 712 2464 τισὶν
725 2409 860 2485 ἐνεχθῆναι
873 2405 1001 2482 λέγουσιν·

180 2488 206 2525 ²⁰
218 2490 257 2547 δτι
273 2491 300 2548 δι’
314 2515 351 2558 τις
368 2496 420 2551 τῶν
433 2495 567 2564 ζησάντων
580 2494 723 2574 ἀνθρώπων
740 2495 784 2552 καὶ
799 2496 1001 2571 θαυμασθέντων

219 2577 282 2657 παρ’
294 2580 396 2651 αὐτοῖς,
408 2578 426 2650 ἢ
436 2577 484 2645 ode
493 2580 560 2654 μετὰ
575 2580 697 2651 τελευτὴν
708 2582 831 2657 ἐνόμισαν
843 2573 909 2639 εἶναι
920 2580 1002 2651 θεοὺς,

219 2656 277 2723 εἶπέ
291 2690 317 2723 τι
330 2672 446 2727 τοιοῦτον
465 2675 520 2730 τοῖς
540 2672 632 2727 ἑαυτοῦ
646 2671 789 2744 μαθηταῖς,
802 2671 885 2735 οὐδεὶς
905 2668 937 2726 ἂν
952 2672 1003 2726 αύ-

219 2758 271 2810 τῶν
288 2755 453 2835 ἶσχορίσαιτό
462 2780 539 2817 ποτε.
585 2757 638 2817 Καὶ
650 2758 697 2829 τὴν
708 2760 793 2815 αἰτίαν
807 2758 833 2816 δὲ
845 2760 867 2816 εἰ
879 2758 1003 2834 βούλεσθε

140 2870 148 2886 ·
219 2843 282 2918 ἐρῶ,
293 2844 336 2900 διὰ
346 2843 372 2901 τί
383 2842 495 2902 τδιᾶλλα
503 2845 588 2903 πάντα
601 2847 852 2925 ἀπηρυθριασμένως
863 2848 908 2904 καὶ
917 2850 1003 2924 γυμνῇ

179 2926 205 2963 ²⁵
220 2930 372 3008 ψευδόμενοι
385 2935 418 3009 τῆ
435 2935 556 3013 κεραλῇ,
576 2940 691 2992 τοιοῦτον
708 2934 829 2992 οὐδέποτε
847 2933 920 2991 οὐδὲν
934 2935 1003 2991 πλά-

221 3023 317 3075 σασθαι
342 3020 502 3096 ἐτόλμησαν.
546 3024 586 3081 Οὐ
602 3022 652 3100 γάρ
675 3023 766 3088 ἁπλῶς
782 3024 840 3081 οὐδὲ
858 3023 919 3079 ἄνευ
938 3021 1005 3088 τινὸς
1026 3026 1029 3037 ’

219 3105 298 3182 λόγου
308 3105 405 3178 ταύτης
418 3107 565 3188 ἀπέσχοντο
577 3114 624 3180 τῆς
634 3115 769 3188 μηχανῆς,
782 3110 841 3169 ἀλλ’
851 3101 917 3167 εἶδον
929 3114 1004 3167 τοῦτο

220 3191 371 3272 κακούργως
385 3197 409 3252 oi
422 3197 551 3273 λυμεῶνες
566 3199 673 3276 ἐκεῖνοι,
687 3197 727 3255 δτι
741 3198 784 3255 τὸν
796 3197 925 3274 μέλλοντα
937 3201 1003 3255 ἀπα-

220 3291 268 3339 τᾶν
284 3282 382 3340 πιθανά
396 3306 454 3341 τινα
475 3283 521 3342 καλ
541 3288 640 3356 πολλῆς
661 3284 775 3363 γέμοντα
790 3285 920 3364 κομψείας
959 3287 1004 3343 καὶ
1021 3273 1024 3281 ⁴

182 3367 209 3405 ³⁰
222 3372 285 3450 πρὸς
299 3370 329 3429 τὸ
344 3369 380 3446 μὴ
398 3377 550 3452 φωραθῆναι
565 3375 760 3450 δοσδιάγνωστα
776 3373 921 3456 συντιθέναι
941 3373 1003 3452 χρή·

222 3457 332 3538 καὶγὰρ
352 3459 410 3526 τοὺς
431 3461 528 3525 δεινοὺς
548 3464 599 3518 τῶν
613 3484 641 3518 τε
660 3462 756 3539 ἰχθύσιν
778 3465 829 3518 τῶν
848 3484 877 3518 τε
897 3462 1004 3540 ὀρνίθων

221 3546 347 3625 θηρευτὰς
369 3550 398 3606 or'r
414 3547 502 3626 γυμνά
517 3548 665 3628 προτιθέναι
681 3548 714 3607 τδι
730 3548 864 3629 θήρατρα,
884 3549 952 3607 ἀλλὰ
967 3553 1004 3630 τῷ

222 3634 325 3693 δελέατι
335 3633 463 3695 πάντοθεν
477 3639 544 3695 αὐτὰ
557 3637 771 3716 περιστείλαντας
787 3637 914 3714 ἀκριθῶς,
937 3638 1005 3696 οὕτω

222 3727 269 3794 τῆς
296 3723 378 3804 άγρας
400 3724 581 3805 περιγενέσθαι
602 3726 725 3804 ἑκατέρας
751 3726 898 3805 ἑκατέρους·
934 3729 956 3784 ελ
977 3726 1004 3785 δὲ

182 3806 207 3845 ³⁶
222 3811 416 3892 ἐκκολάψαντες
434 3813 501 3872 oded
523 3818 575 3881 τοῖς
595 3814 750 3873 ἁλίσκεσθαι
775 3815 915 3890 μέλλουσιν
937 3814 1005 3873 οὕτω

222 3901 348 3980 παρεῖχον
371 3907 451 3981 δρᾶν,
469 3901 527 3961 οὔτε
550 3905 621 3981 ἰχθῦς
641 3902 700 3961 οὔτε
715 3901 812 3980 ὄρνιθες
830 3907 882 3961 τῶν
901 3901 1005 3982 ἀρκύων

222 3989 326 4046 ἐκείνων
342 3991 411 4057 ἐντὸς
426 3989 458 4048 διν
471 3990 587 4070 ἐγένοντό
601 4014 673 4050 ποτε·
690 3992 790 4066 μᾶλλον
799 3990 832 4050 ,δὲ
845 3990 898 4048 οὐδ’
914 3991 946 4048 ἂν
957 3992 1006 4062 τὴν

224 4077 308 4156 ἀρχὴν
329 4082 477 4157 προσῆλθον
504 4080 607 4152 αὐτοῖς,
633 4078 701 4137 ἀλλὰ
727 4086 814 4144 κεναῖς
838 4077 868 4136 ἂν
897 4077 1006 4146 ἕκαστος

222 4167 309 4223 οἴκαδε
319 4168 420 4236 ἀπῆλθε
429 4191 460 4247 χε
479 4168 531 4244 etv,
544 4164 771 4232 transtulerint
782 4189 810 4223 τε
824 4167 946 4245 χερσαῖος
959 4173 1006 4240 θη·

183 4259 209 4296 ⁴⁰
224 4254 312 4334 ρατής.
354 4255 435 4315 Ἐπεί
448 4279 491 4314 ουν
508 4255 553 4314 καὶ
567 4254 665 4321 τούτοις
684 4254 835 4331 σαγηνεύειν
858 4253 1007 4333 ἀνθρώπους

223 4342 376 4420 προύκειτο,
392 4344 439 4402 οὐκ
451 4345 560 4424 ἔρριψαν
572 4342 675 4421 γυμνὴν
685 4341 733 4412 rip
744 4342 850 4410 ἀπάτην
865 4343 900 4407 εἰς
916 4340 946 4399 εδ
961 4349 1006 4400 τοῦ

225 4433 281 4508 βίον
297 4431 424 4507 πέλαγος,
440 4431 509 4489 ἀλλὰ
527 4433 694 4508 πλασάμενοι
713 4429 758 4488 καὶ
770 4429 903 4494 συνθέντες
916 4429 949 4486 τὰ
962 4430 1006 4488 δυ·

224 4517 324 4594 νάμενα
337 4518 395 4584 τοὺς
410 4519 588 4598 άλογωτέρους
605 4523 690 4595 ἑλεῖν,
705 4518 852 4599 περαιτέρω
873 4519 1006 4594 προελθεῖν

225 4606 361 4684 ἐρείσαντα
374 4609 412 4687 τῷ
425 4609 529 4688 ψεύδει,
545 4608 687 4674 δεδοικότες
710 4607 758 4677 τὴν
777 4604 939 4685 ὓπεράολὴν,
962 4607 1007 4665 καλ

185 4697 211 4736 ⁴⁶
225 4693 381 4773 ροθούμενοι
397 4694 434 4769 μὴ
449 4700 482 4773 τῇ
496 4698 548 4753 τῶν
563 4695 689 4774 δευτέρων
704 4695 817 4774 ἀμετρία
834 4691 880 4752 καλ
895 4693 927 4750 τὰ
942 4696 1006 4772 πρά-

224 4806 287 4860 τερα
300 4780 478 4840 α’ναλύσοισιν.
522 4785 555 4842 Ei
569 4782 621 4860 γδρ
633 4775 705 4842 εἶπον
721 4783 760 4839 ὅτι
777 4782 892 4840 τοιοῦτόν
907 4806 930 4839 τι
945 4785 1008 4863 παρ’

225 4874 312 4938 αὐτοῖς
332 4870 507 4948 ἐπηγγείλατό
524 4894 576 4946 τις,
597 4862 650 4930 οἷον
669 4875 682 4928 θ
699 4869 824 4947 ἡμέτερος
841 4869 937 4949 Σωτὴρ
955 4880 1008 4940 τοῖς

226 4963 354 5034 μαθηταῖς
370 4949 426 5016 εἶπε
439 4961 613 5029 τοῖςιέαυτοῦ,
628 4959 674 5017 καὶ
686 4962 709 5016 οἱ
722 4962 783 5035 παρ’
801 4960 885 5016 αὐτῶν
899 4963 1008 5031 ἠπατη-

226 5047 298 5123 μένοι
311 5046 490 5124 κατεγέλασαν
503 5045 534 5105 ἂν
556 5047 657 5118 αὐτῶν,
675 5049 711 5111 ὡς
724 5045 782 5106 οὐδὲ
798 5048 893 5103 πιθανὰ
909 5045 1008 5125 Ιγεύσα·

185 5142 213 5182 ⁸⁰
227 5142 285 5194 σθαι
302 5134 473 5208 δυνηθέντων.
515 5134 555 5196 Τὸ
570 5133 621 5216 γλρ
633 5140 740 5194 τοιαῦτα
756 5133 801 5193 καὶ
814 5132 949 5213 προλέγειν
962 5135 1007 5190 καὶ

180 2047 204 2084 ll

550 519 554 527 Ι
643 441 693 502 DE
715 442 745 503 S.
769 441 920 501 BABYLA
944 442 991 500 ET
1012 441 1169 505 CONTRA
1192 439 1378 501 Genusus

1652 442 1702 518 lll,
1715 443 1820 520 eornm.)

1158 639 1269 693 LIBER
1285 637 1324 691 IN
1337 634 1512 692 snrtchnr
1527 636 1716 705 Brennus,

1086 842 1207 884 CONTRA
1223 840 1385 882 lutrinum
1400 840 1438 881 ET
1454 839 1615 880 ADVERSUS
1628 839 1789 881 esurires.

1078 1017 1099 1060 t.
1118 1012 1234 1060 Dominus
1252 1014 1334 1059 noster
1353 1013 1423 1059 lesus
1440 1010 1551 1058 Cirristos
1568 1009 1715 1071 supplicium
1732 1008 1825 1070 jamiam

1045 1119 1183 1181 subituros,
1198 1122 1222 1168 et
1235 1121 1313 1169 morte
1325 1119 1419 1168 ririlrrn
1430 1119 1576 1180 moriturus,
1585 1120 1656 1168 nocte
1666 1118 1706 1167 illo
1714 1122 1827 1180 pernen
1902 1113 1903 1132 ³

976 1263 983 1284 ,
1045 1229 1174 1292 discipulos
1185 1229 1283 1277 seorsim
1297 1230 1405 1286 vocarit,
1419 1227 1523 1290 ipsisque
1534 1230 1586 1275 tom
1597 1228 1644 1275 alis
1656 1229 1735 1276 mults
1746 1229 1828 1277 monile
1901 1227 1903 1252 ²

1046 1338 1184 1400 derlit‚tum
1195 1337 1329 1388 lrmcctiam
1340 1338 1478 1387 vernarent
1489 1339 1603 1398 (doonn.
1621 1342 1657 1386 lt.
1675 1340 1715 1398 τε)
1730 1358 1737 1387 ;
1750 1343 1828 1398 Amen,
1901 1373 1903 1402 ,

1047 1461 1123 1498 nmen
1134 1424 1190 1498 dico
1200 1448 1277 1510 υοθιε,
1288 1451 1334 1512 qut
1346 1448 1430 1498 credit
1438 1452 1465 1498 tn
1476 1460 1524 1508 me,
1534 1461 1625 1511 opero,
1636 1461 1695 1512 quor
1703 1408 1829 1510 conducio,
1902 1423 1903 1458 λ

1048 1563 1074 1610 cl
1087 1565 1142 1625 lpse
1149 1561 1244 1624 societ,
1257 1564 1282 1611 ct
1289 1562 1389 1623 mojorn
1400 1561 1441 1611 lrts
1447 1560 1542 1623 ferlot.
1575 1561 1649 1623 Atqui
1660 1561 1731 1610 multi
1739 1561 1780 1610 atii
1788 1574 1830 1610 roa·

1048 1672 1113 1732 gistri
1124 1671 1253 1732 exstitere,
1266 1671 1309 1735 qni
1321 1670 1452 1733 discipulos
1464 1670 1602 1719 habuerunt
1615 1676 1640 1720 et
1651 1671 1772 1720 miracuta
1782 1685 1830 1733 per·

1047 1783 1186 1842 petrarunt,
1199 1783 1227 1831 nt
1240 1782 1318 1832 Grreci
1325 1783 1568 1844 iectitnnl;attamen
1578 1782 1660 1832 nullos
1679 1796 1766 1840 eorum
1784 1796 1829 1830 oro·

1047 1896 1123 1946 qoam
1138 1885 1216 1935 simile
1230 1885 1353 1948 quidpiam
1372 1887 1410 1935 rel
1429 1886 1534 1948 cogitare
1547 1886 1585 1936 rcl
1602 1885 1685 1935 dicere
1698 1899 1774 1935 nosos
1789 1889 1828 1934 est.

1049 1989 1237 2050 ttequepossrrnt
1247 1989 1334 2049 Graeci,
1344 1990 1388 2039 etsi
1398 1989 1530 2039 admodum
1542 1990 1695 2053 impudentes
1703 1991 1769 2050 sint,
1781 2004 1831 2053 pra*

1049 2089 1182 2142 dictionem
1202 2106 1369 2143 sermonemre
1388 2094 1492 2144 similem
1511 2107 1584 2157 penes
1603 2107 1630 2144 se
1648 2094 1778 2154 extribere3
1794 2094 1831 2143 sed

1047 2200 1142 2260 spectra
1149 2196 1317 2246 detunctorum
1325 2201 1526 2261 mortuorumque
1531 2196 1660 2248 simulacra
1671 2198 1743 2246 mulli
1754 2210 1829 2247 eororu

1049 2301 1158 2350 dic-unta
1169 2300 1279 2363 piurimis
1288 2301 1352 2364 apud
1364 2314 1389 2351 se
1399 2301 1543 2350 mirabilium
1556 2302 1722 2363 patratoribus
1731 2301 1831 2357 ostende

1052 2419 1123 2454 voces
1134 2406 1191 2454 item
1201 2406 1338 2468 esepuicris
1346 2405 1376 2455 ad
1390 2405 1508 2468 quosdam
1519 2407 1618 2456 emisses
1630 2407 1763 2468 jactitent:
1774 2408 1832 2480 qood

1050 2511 1131 2558 antem
1144 2509 1200 2570 qrris
1209 2521 1240 2556 ex
1252 2506 1324 2567 viris,
1339 2507 1381 2570 qui
1399 2508 1462 2570 epod
1480 2521 1506 2558 sc
1517 2507 1632 2558 vixerunt
1647 2511 1674 2558 et
1686 2507 1832 2558 admirationi

1052 2610 1126 2659 lubili
1135 2612 1207 2669 sunt,
1221 2613 1263 2660 ont
1276 2623 1306 2659 ex
1320 2611 1348 2658 its
1360 2623 1421 2672 qnos
1437 2614 1490 2673 post
1502 2610 1627 2660 decessum
1640 2611 1699 2661 deos
1710 2615 1831 2674 reputare·
1902 2681 1903 2684 Ἴ

1051 2717 1108 2763 runt
1117 2751 1124 2774 ‚
1134 2716 1183 2764 tale
1191 2714 1316 2777 quidpiam
1328 2713 1451 2777 discipulis
1464 2715 1566 2775 dixerit,
1578 2715 1660 2764 nullos
1676 2729 1761 2765 eornm
1771 2715 1831 2765 erur-
1902 2703 1903 2728 ³

1051 2833 1117 2869 mare
1129 2820 1224 2870 audent.
1258 2823 1361 2871 cansam
1371 2822 1452 2870 sutem
1461 2858 1468 2881 ,
1478 2820 1497 2869 si
1507 2820 1599 2883 placet,
1611 2821 1731 2882 aperiam:
1740 2834 1782 2869 cur
1790 2820 1832 2869 sci·

1026 2904 1030 3019 1
1053 2925 1108 2974 lieet
1117 2939 1173 2974 cnm
1185 2927 1272 2974 cutem
1282 2926 1363 2974 omnia
1373 2924 1524 2988 impudenter
1533 2925 1681 2986 etirrlicrint,
1691 2929 1717 2975 et
1729 2897 1833 2988 perfricta

1053 3031 1132 3080 tronto
1148 3030 1316 3089 montilium,
1330 3030 1389 3080 nillil
1403 3028 1539 3091 huiusmodi
1553 3031 1705 3079 comminisci
1718 3031 1766 3080 rusi
1779 3031 1831 3079 sint.

1052 3140 1104 3187 Nou
1114 3138 1179 3186 enim
1189 3137 1232 3186 abs
1243 3150 1284 3196 re;
1302 3148 1382 3198 neque
1397 3137 1448 3184 stne
1459 3134 1565 3196 quadarn
1578 3136 1672 3184 ratione
1689 3149 1704 3183 a
1719 3137 1758 3184 loli
1769 3149 1832 3184 eorn-
1901 3117 1902 3132 ³

1052 3244 1134 3291 merrlo
1151 3242 1304 3300 abstinuere;
1323 3239 1365 3289 sed
1378 3241 1458 3289 estote
1469 3239 1600 3301 conspicati
1616 3243 1674 3289 sont
1685 3239 1787 3303 pestiferi
1800 3238 1832 3288 illi

1052 3345 1174 3405 homines,
1189 3358 1246 3395 eum
1258 3344 1300 3407 qui
1312 3344 1395 3393 lucum
1408 3343 1485 3393 iacere
1495 3344 1568 3403 velit,
1582 3348 1696 3405 oportere
1709 3344 1831 3407 pmisebilir

1052 3451 1178 3513 quodem,
1191 3453 1216 3501 et
1226 3450 1324 3500 lallaeiae
1333 3451 1486 3513 plooa‚qure
1496 3448 1565 3499 tacite
1574 3462 1624 3498 nou
1636 3448 1830 3512 possintlaisiar·
1900 3511 1901 3516 γ

1052 3556 1107 3618 goi,
1118 3556 1242 3617 prolerre:
1256 3567 1311 3603 nrm
1324 3554 1574 3617 piscibusarilrrasrpoe
1592 3567 1642 3604 non
1658 3555 1738 3604 nodos
1754 3554 1830 3603 ternos
1900 3565 1901 3574 ¹

1053 3673 1185 3724 proponere
1196 3662 1322 3710 venatores
1331 3658 1448 3719 callidos,
1461 3658 1503 3709 sed
1513 3659 1605 3709 escaab
1613 3661 1681 3710 omni
1691 3665 1758 3724 parte
1767 3662 1829 3711 olrte·

1052 3766 1187 3827 gerentone
1199 3763 1231 3812 iln
1243 3763 1393 3813 renationem
1404 3766 1532 3826 utramque
1541 3777 1655 3827 prospere
1663 3765 1801 3825 succedam
1811 3765 1830 3813 si
1899 3827 1900 3836 γ

1053 3882 1110 3918 vero
1120 3869 1249 3930 conspicor
1260 3868 1414 3928 retirement,
1426 3880 1505 3931 neque
1513 3867 1591 3930 pisces
1600 3882 1680 3931 neone
1694 3883 1751 3920 ares
1761 3869 1829 3919 irreti-

1054 3972 1829 4038 renlorumrpram,imoveroneaccederentquidem3sedtumpi·

1052 4083 1140 4140 scater,
1149 4086 1201 4130 lum
1209 4083 1310 4130 rennlor
1318 4080 1622 4131 vacuismsrribusdomom
1631 4081 1746 4132 redirent
1777 4043 1854 4140 οιιὶεΙ

1054 4188 1124 4249 igitur
1134 4187 1210 4237 illisio
1223 4188 1345 4250 proposito
1355 4190 1408 4237 erut
1419 4188 1527 4237 lromincs
1536 4201 1579 4238 cerr
1589 4201 1678 4250 sagena
1689 4201 1829 4253 capererur
1898 4185 1899 4190 ’

1053 4293 1143 4342 nirdam
1157 4293 1276 4342 fallaciam
1293 4264 1319 4341 in
1339 4293 1412 4355 liujus
1422 4293 1479 4343 vilre
1496 4293 1594 4357 pelagus
1607 4295 1745 4356 immisere,
1760 4296 1796 4344 sul
1806 4295 1829 4342 ils

1053 4397 1160 4446 mndclis
1170 4409 1198 4445 ac
1207 4396 1361 4459 compositis,
1376 4397 1465 4459 quibus
1476 4401 1573 4460 possent
1585 4399 1786 4463 imprudentiores
1795 4411 1828 4448 α·

1054 4513 1126 4562 perc,
1139 4500 1239 4549 ulterius
1251 4499 1376 4550 mendacio
1394 4499 1503 4562 progredi
1516 4498 1717 4562 supersederunt,
1729 4501 1793 4551 ueriti
1805 4511 1829 4546 ne

1054 4605 1225 4655 ultramodum
1242 4604 1413 4667 procederent,
1424 4605 1558 4654 metuentes
1568 4618 1597 4654 rre
1608 4605 1768 4667 posteriorum
1778 4606 1832 4655 iran-

1053 4708 1113 4757 dum
1126 4707 1254 4757 immodica
1267 4705 1431 4768 magnitudine
1440 4705 1530 4768 pretores
1539 4704 1717 4756 subverterent.
1750 4709 1828 4757 nanu

1054 4814 1170 4863 dixissent
1187 4825 1287 4863 suorum
1305 4812 1442 4875 quempiam
1458 4824 1509 4860 rem
1528 4810 1601 4859 talem
1622 4810 1758 4872 pollicitum
1772 4823 1827 4866 csse,

1054 4917 1150 4980 qualern
1164 4916 1288 4984 discipulis
1299 4917 1414 4965 serrator
1427 4919 1508 4964 noster
1519 4914 1643 4976 promisit,
1653 4915 1728 4964 etiam
1743 4915 1829 4976 iispoos

1054 5021 1197 5084 deceperant
1213 5034 1265 5070 sese
1278 5015 1391 5069 ridiculos
1404 5018 1575 5082 prebuissent,
1586 5021 1671 5082 utpote
1683 5019 1725 5082 oni
1739 5016 1827 5068 uereri·

1053 5125 1141 5175 similia
1149 5120 1247 5189 qrrlderir
1258 5124 1355 5174 mentiri
1366 5125 1461 5187 possent
1474 5138 1480 5172 :
1492 5122 1547 5172 talin
1557 5122 1621 5172 enirn
1630 5123 1828 5185 prrediocreslqrre

226 5226 341 5302 πληροῦν
361 5224 427 5301 μετὰ
439 5227 576 5303 ἀληθείας,
594 5231 641 5296 τῆς
661 5225 792 5306 μακαρίας
804 5221 904 5295 ἐκείνης
924 5223 1006 5280 δινά-
1051 5229 1514 5291 prrcstareadbestomillamvir-lolem
1524 5227 1600 5279 solem
1611 5229 1723 5291 pertinet.
1752 5222 1826 5284 Quod·
