3892 5867
177 399 249 475 arii]

176 535 382 608 opportunum.
407 524 504 600 Quum
525 538 595 584 vero
620 524 786 600 pmximnm
806 526 882 582 esset
905 527 940 581 nt
963 519 1089 582 Basilius
1110 521 1202 579 vitam
1227 521 1417 581 momsticam
1444 518 1676 597 amplecteretur,
1698 526 1768 582 tunc

175 627 397 704 chrysostomus
406 624 469 684 foro
481 637 629 699 mensque
638 617 774 681 addictus
787 619 884 679 studia
894 622 925 679 ln
935 621 1082 680 conharia
1089 616 1265 677 declinabat.
1276 617 1400 678 Basilius
1411 634 1496 694 vern,
1507 621 1557 693 qni
1568 619 1767 694 Chrysoetnmi

174 725 331 786 amicitiam
344 728 372 782 et
384 721 604 781 contubernium
623 720 723 795 magni
740 717 879 787 iaciebat,
894 717 950 776 boc
967 716 1094 791 denique
1108 715 1145 773 ab
1165 732 1200 773 eo
1214 717 1396 790 impetravit,
1410 723 1445 775 ut
1466 714 1554 774 domo
1570 721 1695 791 uterque
1715 732 1769 775 sua
1800 717 1802 719 ’

175 819 276 880 relicta
296 832 450 878 commune
472 814 648 874 domicilium
669 811 837 872 incolerent.
862 812 930 870 llaec
952 810 1074 870 consilia
1094 809 1146 869 ubi
1167 811 1295 884 primum
1322 812 1411 868 sensit
1424 807 1634 884 ,chrysostomi
1662 816 1766 882 mater,

174 919 282 997 fllium,
293 937 330 980 ne
340 936 371 979 se
380 921 510 992 deserat,
520 920 604 977 entre
616 916 763 988 hortatum
774 916 903 992 dumque
914 916 969 990 ipsi
982 931 1001 973 a
1012 916 1133 988 pristina
1144 915 1287 971 sententia
1301 928 1381 987 pane
1394 912 1519 971 deducto
1530 914 1619 971 instat
1627 911 1767 988 Basilius,

174 1021 274 1081 eadem
285 1033 350 1094 que
362 1018 440 1093 prins
452 1014 633 1090 efflagitans,
647 1029 713 1072 ecce
727 1012 805 1072 mma
820 1011 949 1086 undique
968 1011 1131 1086 percrebuit
1144 1016 1300 1083 utmmque
1325 1012 1356 1068 in
1378 1010 1570 1085 episcopalem
1594 1010 1766 1084 dignitatem

173 1113 402 1193 promovendum
416 1126 487 1171 esse.
501 1109 564 1168 iloc
580 1107 702 1184 perculsi
715 1107 802 1166 ambo
821 1122 937 1165 mmore
959 1104 1046 1181 louge
1066 1105 1205 1163 dissimile
1218 1106 1369 1163 consilinm
1389 1107 1512 1164 ineunt:
1528 1104 1650 1162 Basilius
1670 1110 1767 1162 totum

174 1214 216 1272 rei
228 1210 371 1288 iudicium
396 1209 539 1283 permittit
551 1206 662 1277 amico,
678 1205 709 1263 in
732 1208 890 1278 utrumque
909 1208 1047 1277 paratus,
1060 1204 1122 1261 eise
1143 1201 1380 1260 consentiendum
1404 1203 1468 1260 sive
1490 1200 1661 1276 iuglandum
1676 1207 1768 1274 esset3

175 1309 398 1384 chrysostomus
410 1320 495 1374 vero,
510 1305 561 1378 qni
573 1319 605 1362 se
617 1308 699 1361 tanto
711 1299 822 1359 honore
834 1314 951 1374 prorsus
961 1299 1133 1374 indignum,
1148 1301 1275 1358 amicum
1289 1305 1387 1357 autem
1404 1298 1606 1373 dignissimum
1622 1296 1768 1366 censebat,

172 1411 285 1464 netum
298 1403 400 1461 idoneo
416 1404 547 1460 ministro
567 1398 723 1458 Ecclesiam
732 1404 735 1411 '
745 1396 795 1455 liei
816 1398 960 1473 privaret,
982 1398 1031 1470 pia
1050 1412 1120 1454 usus
1140 1402 1221 1464 arte,
1234 1395 1310 1453 nihil
1327 1411 1433 1469 urgere
1444 1394 1537 1467 dixit,
1550 1393 1604 1452 sed
1617 1392 1672 1452 hae
1686 1392 1724 1450 de
1737 1408 1769 1450 re

173 1507 337 1576 postcasun
354 1506 483 1572 tempore
501 1495 720 1555 delibemndum
737 1509 800 1552 esse
814 1511 822 1550 :
837 1509 872 1552 ea
888 1492 999 1552 scilicet
1017 1498 1136 1564 mente,
1152 1498 1186 1551 ut
1199 1495 1334 1550 incautus
1352 1491 1476 1550 Basilius
1491 1495 1642 1565 caperetur
1662 1496 1693 1548 et
1705 1491 1769 1563 epi·

172 1597 319 1676 scopalem
331 1595 461 1657 ordinem
473 1593 519 1654 uel
530 1594 639 1654 inuitus
650 1593 804 1669 acciperet,
816 1594 878 1667 ipse
888 1607 958 1649 vero
974 1593 1092 1649 interim
1104 1605 1168 1648 sese
1180 1589 1347 1649 occultavit.
1363 1587 1407 1647 Ac
1420 1604 1465 1646 res
1479 1603 1516 1645 aa
1531 1594 1599 1645 soto
1612 1586 1655 1646 tili
1666 1588 1751 1646 cessit
1756 1600 1768 1662 3

172 1701 275 1771 captus
290 1696 368 1753 enim
385 1692 526 1765 Basilius,
541 1691 595 1749 etsi
613 1690 663 1749 dtu
682 1688 857 1759 reluctatus,
872 1686 1021 1746 ordinatus
1039 1692 1138 1745 mmen
1158 1691 1210 1743 eet
1229 1684 1305 1743 ilinc
1317 1685 1442 1760 querela
1464 1683 1563 1741 Basilii
1585 1683 1663 1757 apud
1677 1681 1769 1759 chry·

172 1796 349 1864 eostnmnm,
362 1793 393 1847 et
406 1788 602 1863 responsiones
626 1783 844 1861 chrysostomi,
859 1780 965 1857 quibus
978 1788 1073 1842 totum
1087 1798 1160 1857 opus
1175 1782 1283 1857 dialogi
1297 1797 1375 1839 more
1390 1782 1506 1839 earimr.
1522 1780 1558 1838 ln
1571 1795 1606 1838 eo
1618 1785 1714 1837 antem
1732 1779 1770 1837 de

172 1886 357 1963 dignitateet
369 1881 463 1943 oillcio
477 1880 658 1941 sacerdotum
671 1885 733 1938 tam
747 1878 914 1953 eloquenter
930 1887 961 1939 et
983 1884 1044 1937 tam
1063 1884 1183 1955 angude
1203 1877 1273 1936 dicit
1293 1882 1410 1936 sanctus
1431 1874 1551 1946 lioctor,
1571 1881 1604 1936 ut
1628 1874 1675 1933 hic
1699 1874 1770 1933 liber

172 1979 307 2038 omnibus
327 1993 441 2053 semper
453 1975 638 2036 admirationi
652 1974 748 2035 iuerit.
760 1974 871 2032 -Bes
890 1976 952 2049 ipsa
972 1971 1072 2050 (ιιιιιιιιι
1093 1980 1200 2032 temere
1214 1971 1347 2031 nonnulii
1360 1969 1459 2029 iictam
1474 1986 1535 2027 csse
1549 1969 1604 2027 sibi
1618 1984 1769 2044 persuase-
1865 1989 1868 1996 ⁴

172 2068 256 2150 runt)
269 2071 374 2132 accidit
393 2077 460 2129 ante
481 2086 592 2129 annum
613 2077 682 2142 875,
699 2085 759 2143 quo
775 2085 843 2130 cum
863 2069 1028 2128 tardissime
1051 2070 1083 2126 in
1100 2066 1289 2126 solitudinem
1310 2082 1341 2124 se
1362 2063 1519 2123 contulisse
1533 2060 1770 2138 chrysostomum

171 2178 291 2246 scimne;
307 2176 404 2249 scripti
425 2178 523 2233 autem
546 2178 576 2232 et
594 2172 664 2232 editi
682 2177 751 2231 sunt
771 2171 803 2231 hi
820 2171 903 2249 libri,
916 2174 941 2231 si
959 2171 1110 2230 Socratem
1125 2169 1241 2243 audias,
1255 2170 1286 2227 in
1303 2168 1474 2242 diaconatu,
1491 2166 1522 2224 id
1536 2172 1581 2224 set
1593 2168 1677 2224 annis
1696 2168 1769 2224 inta-

174 2280 228 2332 ιιι
243 2277 273 2329 et
287 2280 343 2330 teo
355 2270 529 2341 labentibus3
541 2269 687 2328 Palladius
700 2275 798 2328 autem
811 2271 885 2328 inter
898 2284 932 2328 ea
944 2270 1056 2343 scripta
1078 2267 1254 2326 recensuisse
1271 2265 1397 2339 uidetur,
1413 2278 1478 2338 qna
1500 2262 1722 2338 chrysostomus
1737 2264 1769 2320 in

128 2407 130 2412 -
171 2384 283 2428 secessu
296 2369 472 2442 composuit,
487 2369 572 2425 annis
588 2373 643 2423 ³75
657 2366 695 2424 ad
713 2375 782 2425 asi.
797 2365 926 2440 lienique
941 2363 1055 2441 synodo
1069 2362 1394 2437 Constantinopolitanae
1404 2374 1482 2418 anno
1498 2366 1551 2417 sai
1569 2359 1770 2433 subscripsisse

172 2462 467 2539 reperitur-Basilius
483 2464 635 2539 episcopus
654 2460 840 2538 capitanea,
855 2461 946 2539 Syrte
966 2460 1064 2536 oppidi
1083 2476 1172 2535 prope
1191 2458 1373 2519 Antiochiam
1394 2459 1457 2525 siti;
1483 2473 1570 2531 quem
1592 2459 1688 2531 ipsum
1708 2471 1770 2513 esse

170 2559 324 2633 Basilinm,
339 2574 465 2636 quocum
485 2559 614 2636 loquitur
627 2559 864 2635 chrysostomus,
885 2558 1126 2619 verisimillimum
1148 2563 1203 2617 est.
1222 2581 1235 2605 »
1252 2554 1320 2634 (Ec
1334 2551 1474 2629 dientes.)

943 2759 997 2819 IX.

210 2971 413 3031 Admittitur:
426 2973 640 3031 sivesoumrse
652 2987 693 3028 an
709 2983 855 3029 rosunum
873 2984 1104 3031 asrtocssuuu
1128 2988 1167 3030 nn
1191 2986 1324 3030 srsrms.
1336 3000 1376 3013 -
1389 2988 1405 3026 u
1417 2968 1498 3027 Inter
1516 2985 1550 3026 eu
1565 2984 1629 3043 qua
1647 2968 1768 3026 loannis

170 3066 369 3143 chrysostomi
392 3074 521 3141 tempore
545 3067 723 3139 acciderunt,
738 3065 812 3124 nihil
835 3069 1049 3128 memorabilius
1068 3071 1118 3128 illa
1131 3068 1377 3128 antiochenorum
1399 3066 1555 3139 seditione,
1571 3082 1630 3141 qua
1650 3065 1768 3139 dejectis

169 3161 321 3221 Theodosii
336 3162 520 3237 Imperatoris
534 3167 563 3219 et
576 3161 700 3220 Flacillae
714 3164 777 3236 ejus
795 3163 895 3220 uxoris
917 3166 1037 3238 statuis,
1050 3164 1209 3239 iisdemque
1231 3179 1281 3236 per
1296 3162 1397 3222 urbem
1421 3163 1557 3234 raptatis,
1573 3160 1767 3218 Theodosium

169 3259 210 3317 ita
229 3257 455 3327 exacerbarunt,
467 3264 500 3317 ut
520 3258 557 3316 de
575 3257 645 3316 orbe
662 3258 782 3316 delenda
795 3260 834 3316 eit
848 3261 1021 3334 cogitatum.
1035 3260 1105 3318 liaec
1118 3260 1173 3318 init
1187 3259 1393 3336 cbrysostomo
1408 3262 1509 3315 nostro
1520 3256 1558 3316 ad
1579 3256 1768 3315 concionandi

169 3352 339 3412 facultatem
358 3353 549 3412 exercendam
564 3353 661 3427 ampla
682 3356 824 3411 materies.
839 3353 1028 3412 Antiochenis
1045 3358 1153 3430 quippe
1172 3356 1249 3412 inter
1269 3370 1348 3429 spem
1363 3359 1392 3411 et
1407 3359 1517 3411 metum
1539 3351 1766 3426 iluctuantibus',

169 3446 239 3505 dum
253 3449 397 3522 repentini
408 3463 492 3507 casus
506 3463 611 3506 novam
625 3448 909 3522 inexspectatamque
919 3449 1047 3524 qnotidie
1058 3450 1104 3509 vei
1117 3450 1250 3525 sperandi
1270 3447 1317 3507 uel
1335 3447 1456 3506 timendi
1469 3463 1587 3505 causam
1607 3447 1766 3522 offerrent,

171 3542 330 3617 imparatus
343 3543 403 3602 iere
414 3559 525 3619 semper
535 3542 775 3619 chrysostomus,
791 3549 878 3619 prout
892 3559 937 3602 ree
950 3560 1012 3604 sese
1030 3545 1154 3616 dabant,
1171 3547 1334 3605 concinnari
1355 3550 1487 3613 coactus,
1502 3560 1538 3601 ex
1556 3549 1683 3618 tempore
1704 3543 1769 3603 ilias

169 3636 361 3698 admiratione
373 3652 445 3697 sane
456 3638 560 3714 dignas
570 3636 703 3696 homilias
715 3638 924 3713 pronuntiabat
939 3656 947 3697 ε
963 3640 1050 3699 modo
1063 3647 1096 3698 ut
1107 3643 1138 3699 in
1151 3640 1315 3699 calamitate
1328 3644 1491 3697 versantem
1516 3637 1653 3713 populum
1668 3653 1768 3696 conso

170 3730 294 3805 laretur3
309 3733 396 3793 modo
409 3739 443 3792 ut
457 3733 564 3793 irnctoe
572 3732 691 3809 periculi
703 3733 904 3808 magnitudine
916 3737 1030 3795 animos
1045 3736 1251 3807 cnnhrmurct3
1267 3741 1330 3794 tum
1342 3736 1484 3810 praecipue
1497 3741 1530 3792 ut
1543 3736 1690 3793 occasione
1706 3734 1769 3791 im·

169 3829 343 3890 minantium
356 3829 500 3889 malorum
511 3828 710 3889 Antiochense
724 3829 763 3888 ad
777 3832 850 3889 uitia
864 3832 1036 3908 corrigenda
1046 3831 1228 3908 eiueudaque
1242 3833 1380 3904 crimina,
1402 3845 1470 3906 que
1483 3836 1596 3890 tantam
1617 3827 1671 3889 Dei
1691 3831 1765 3889 ham

168 3923 376 3997 accenderant,
390 3926 568 3984 monitomm
579 3923 741 3999 ireqnentia
750 3923 921 4008 deduceret.

211 4037 227 4075 ι
248 4018 427 4080 Tentavere
439 4019 592 4078 mditlonis
605 4034 693 4078 cansa
707 4019 777 4090 init,
788 4025 861 4079 teste
873 4020 1007 4095 Zosimu,
1020 4022 1111 4082 nimia
1131 4020 1323 4092 tributorum,
1338 4034 1403 4095 que
1416 4018 1546 4094 quotidie
1562 4032 1640 4076 nova
1651 4016 1769 4093 excogi-

171 4114 319 4193 tabantur,
333 4117 465 4194 exactio,
475 4117 538 4175 sive
550 4133 602 4190 pro
614 4116 778 4176 celebritate
789 4118 886 4193 quinti
899 4120 966 4177 initi
978 4119 1015 4178 ab
1029 4119 1157 4179 Arcadio
1171 4121 1257 4186 anni,
1272 4134 1309 4177 ex
1327 4133 1387 4192 qno
1400 4117 1551 4193 Augustus
1567 4116 1768 4192 promulgatus

171 4210 281 4287 iuerat,
294 4217 324 4269 et
346 4211 449 4269 decimi
469 4212 540 4269 anni
559 4211 745 4286 imperatoris
762 4211 934 4284 Theodosii,
951 4214 1005 4288 qui
1027 4229 1104 4272 anno
1124 4222 1180 4273 aas
1199 4214 1370 4288 incipiebat,
1382 4214 1445 4271 sive
1467 4228 1520 4286 pro
1536 4217 1677 4285 apparatu
1699 4210 1764 4269 belii

169 4312 271 4365 contra
288 4306 450 4365 Maximum
460 4312 639 4384 tyrannum,
650 4301 713 4366 ¹sire
726 4322 778 4381 pro
791 4308 934 4368 ambabus
942 4309 1064 4384 ahisque
1076 4312 1163 4369 etiam
1176 4310 1299 4385 publicis
1310 4307 1539 4368 necessitatibus.
1555 4307 1668 4365 Tributi
1683 4322 1769 4364 onere

169 4403 290 4479 perculsi
304 4401 477 4461 Antiocheni
496 4405 573 4461 cives
591 4402 761 4463 Praeiectum
782 4403 905 4475 adeunt,
921 4407 943 4462 ii
955 4405 1065 4464 scilicet
1078 4408 1129 4480 qui
1142 4405 1304 4464 urbanioris
1320 4410 1398 4463 notae
1418 4409 1517 4477 erant,
1532 4409 1562 4460 et
1582 4401 1766 4462 lacrimantes

168 4495 292 4572 vectigal
305 4496 444 4555 indictum
456 4498 580 4555 nimium
591 4502 763 4572 quemntur3
782 4497 835 4558 lici
847 4514 933 4574 opem
946 4499 1114 4575 implorant.
1127 4500 1245 4558 Interim
1257 4498 1549 4557 circumiomneorum
1560 4502 1590 4554 et
1599 4502 1767 4554 exterorum

169 4590 374 4651 hominemex
396 4590 498 4651 intima
517 4592 600 4667 plebe
623 4593 723 4664 turbu,
742 4597 895 4654 commotis
915 4596 1040 4666 animis,
1058 4597 1089 4654 ln
1113 4594 1241 4655 iocinera
1255 4599 1428 4668 erumpunt,
1450 4594 1577 4667 primum
1599 4592 1629 4648 in
1651 4590 1767 4664 publico

168 4685 273 4747 balneo
286 4688 384 4746 omnia
396 4687 550 4762 susdeque
562 4693 694 4760 vertunt3
709 4687 777 4748 hinc
790 4689 918 4749 Praiectl
930 4690 1052 4749 domum
1072 4691 1195 4766 adeunt,
1209 4689 1352 4749 cancellos
1362 4693 1526 4765 januasque
1539 4686 1699 4757 invadunt3
1715 4688 1767 4743 vix

171 4784 306 4852 coerciti,
320 4781 378 4842 allo
388 4780 516 4842 furorem
526 4789 712 4858 convertunt,
725 4784 910 4862 depictasque
921 4786 1134 4861 imperatorum
1145 4785 1266 4845 tabellas
1279 4783 1424 4861 lapidibus
1443 4787 1586 4859 impetunt
1598 4789 1628 4840 et
1639 4781 1764 4852 ioedant,

168 4881 305 4955 ipsosque
315 4875 462 4954 Augustos
472 4877 631 4938 maledictis
641 4885 671 4938 ct
682 4883 820 4941 conviciis
834 4887 958 4942 onerant
969 4899 979 4957 ;
994 4881 1114 4943 demum
1125 4881 1312 4956 Imperatoris
1325 4881 1479 4941 Theodosii
1496 4879 1680 4954 Flaclllaque
1699 4881 1766 4954 ejus

169 4976 268 5036 uxoris
278 4977 340 5050 lam
353 4971 497 5034 Moneta
512 4979 622 5034 statuas
634 4974 775 5051 dejiciunt
785 4983 817 5036 et
828 4993 878 5053 per
892 4981 970 5038 vicos
981 4978 1065 5038 urbis
1078 4982 1210 5053 raptant;
1222 4979 1342 5053 Jamque
1358 4977 1442 5052 plura
1458 4975 1565 5035 inferre
1587 4976 1695 5034 damna
1707 4989 1765 5033 coe·

169 5077 285 5148 perant,
305 5085 396 5148 quum
408 5071 539 5131 maresa
560 5071 729 5134 nPreiecto
748 5075 963 5150 sagittariomm
978 5091 1067 5134 manu
1088 5075 1204 5133 coerciti
1216 5080 1297 5132 suut.
1313 5072 1361 5132 Sic
1374 5072 1464 5131 furori
1478 5088 1546 5130 mox
1561 5074 1695 5130 timeret
1712 5069 1766 5128 de·

171 5168 296 5241 sperstto
309 5167 461 5239 mecessit,
477 5191 489 5218 ν
503 5182 567 5243 qne
586 5167 721 5246 graphice
740 5168 909 5232 describitur
920 5170 951 5228 in
965 5169 1116 5246 Homiliie,
1131 5168 1213 5230 unde
1226 5168 1338 5244 reliqna
1347 5167 1475 5228 nnuma
1485 5168 1634 5243 perspicue
1657 5161 1763 5224 intelli·
