3892 5867
181 464 235 515 tet

176 583 327 643 καὶτούτων
338 582 404 642 πολὺ
411 578 658 659 καταγελαστότερα
669 577 850 654 ὑπομένουσιν.
892 575 958 637 Ἐπί

177 674 204 731 δὲ
214 667 558 742 τῆςέκκλησίαςούδὲεῖπεῖν
566 667 623 726 ἔστι
631 666 825 745 τλναῖσγύνην.
847 663 958 742 Ὥσπερ

176 761 227 838 γὰρ
239 760 296 817 δέον
309 758 409 863 μηδένα
418 757 497 816 τόπον
507 759 608 833 ἀγνοεῖν
621 755 761 824 αὖτῶντὴν
770 752 844 833 ύύριν
854 752 899 811 καί
910 750 957 821 τὴν

177 844 340 956 ἀνελεύθερον
355 844 453 916 ταύτην
476 843 609 952 δουλείαν,
629 840 697 901 οὕτω
720 841 766 900 καί
789 843 869 899 ἓν
834 865 872 898 τω
892 838 959 918 ἁγίῳ

149 937 244 1015 στῶδε
270 935 315 992 καί
339 930 542 1013 φρικωδεστάτῳ
564 929 654 1039 χωρίῳ
678 938 769 988 πᾶσαν
796 931 882 987 αὐτῶν
911 926 959 997 τὴν

179 1022 308 1130 ἀκρασίαν
320 1020 536 1110 ἀνακηρύττουσι·
551 1020 597 1077 καί
611 1042 641 1076 το
660 1017 691 1089 δὴ
706 1016 907 1097 χαλεπώτερον,
920 1013 959 1074 ότι

178 1136 222 1170 και
213 1107 484 1188 καλλωπιζονταιέφ
493 1113 530 1173 οἱς
539 1105 780 1184 επαισγυνεσθαι
752 1127 814 1166 εοει
858 1103 922 1163 Απο
932 1126 960 1160 τε

177 1200 274 1280 γάρ”
240 1203 316 1256 τωνθ
319 1201 387 1276 υρῶν
409 1194 491 1262 etet<
507 1194 570 1262 ἔξωθ
557 1199 599 1252 θεν
614 1194 710 1274 δεγόμε
712 1216 766 1268 νοι,
779 1216 825 1250 και
814 1192 944 1250 ἀντί“
909 1215 961 1249 των

178 1284 308 1366 εὐνούχοιν
328 1283 460 1363 γινόμενοι
482 1281 607 1358 σοῦοῦσι,
622 1281 667 1338 καὶ
682 1278 872 1359 προηγούμενοι
892 1279 962 1357 μέγα

139 1393 164 1430 10
179 1399 211 1456 φρ
200 1370 594 1453 ρονουσιν,όρώντωνοίπάντων,
604 1369 649 1428 καί
659 1365 881 1444 ούκαταδύονται,
893 1368 962 1425 ἀλλὰ

177 1464 224 1523 καί
235 1462 439 1539 ἐπαγάλλονται
451 1458 496 1517 καὶ
510 1461 537 1517 ἐν
552 1460 623 1537 αὖτερ
603 1457 710 1515 “di
675 1481 713 1537 τω
721 1480 772 1515 των
784 1455 962 1535 φρικωδεστά·

177 1575 230 1609 των
242 1571 461 1629 μυστηριων
399 1571 461 1626 και
462 1573 483 1605 ω
464 1544 630 1605 πολλδι
585 1569 648 1626 προς
656 1514 704 1615 τλύ
710 1544 814 1602 ἐκείνων
826 1543 962 1622 ἀρεσκείαν

180 1642 375 1713 διακονοῦνται,
388 1607 493 1701 πολλοῖς
502 1637 554 1691 τῶν
567 1633 686 1712 ὁρώντων
695 1632 780 1698 λαόδις
792 1632 961 1712 παρέχοντες.

180 1730 215 1786 Αἱ
230 1724 257 1783 δὲ
270 1725 358 1782 ἄθλιαι
377 1722 422 1782 καί
437 1721 619 1801 ταλαίπωροι,
636 1720 692 1779 δέον
713 1720 850 1800 ἀπείργειν
870 1717 963 1786 αὐτοὺς

140 1831 165 1869 ta
179 1819 225 1884 τῆς
237 1812 358 1883 τοιαύτης
369 1810 490 1891 χάριτος,
507 1809 553 1868 καί
563 1807 747 1886 ἐναόρύνονται
760 1807 806 1866 καί
821 1804 889 1884 μέγα
901 1830 963 1887 φρο·

179 1907 260 1960 νοῦσι.
303 1899 399 1959 Καίτοι
412 1896 452 1963 τίς
461 1895 492 1955 ἂν
502 1893 520 1966 ἢ
530 1893 663 1966 ταύταιςῆ
674 1895 781 1962 ἐκείνοις
792 1894 817 1953 εί
826 1919 856 1974 γε
865 1893 965 1970 ἤμελλέ

179 2013 237 2048 τινα
251 1987 317 2067 ἀρλν
330 1985 530 2065 ἐπαράσασθαι,
540 1984 637 2055 ταύτης
648 1981 680 2041 ἀν
693 1975 750 2062 εύρε
760 1982 964 2063 χαλεπωτέραν,

181 2076 198 2146 ἢ
212 2074 279 2134 ὥστε
294 2072 398 2153 μυρίους
414 2072 549 2151 μάρτυρας
564 2071 632 2150 ἔχειν
648 2075 694 2142 τῆς
705 2070 849 2136 ἀκολασίας
865 2072 965 2142 αὐτῶν,

180 2165 226 2222 καί
246 2167 272 2221 ἐν
288 2163 340 2229 τοῖς
357 2161 481 2220 ἁπάντων
503 2162 647 2239 ὀφθαλμοῖς
668 2159 845 2238 ἀσχημονεῖν,
870 2158 905 2219 Τί
928 2161 966 2216 δεῖ

141 2269 167 2306 au
181 2252 265 2327 λέγειν
278 2252 327 2308 ὅσα
343 2252 369 2308 ἐν
385 2252 476 2315 αὐταῖς
490 2257 547 2314 ταῖς
566 2246 718 2318 ἐκκλησίαις
737 2245 913 2326 ἀνατρέπεται
923 2246 966 2304 διὰ

182 2339 229 2411 τὴν
242 2339 341 2398 τούτων
356 2336 449 2417 χάριν,
464 2336 513 2395 ὅσα
523 2339 575 2394 τῶν
584 2342 629 2394 τοῦ
641 2340 711 2398 Θεοῦ
723 2334 887 2413 πραγμάτων
901 2337 966 2411 rips-

181 2430 264 2485 λεῖται
276 2425 349 2506 παρὰ
361 2427 486 2498 πολλῶν,
502 2423 571 2483 ὥστε
588 2424 625 2499 μὴ
647 2422 838 2502 παροξυνθῆναι
852 2421 965 2495 ταύτας;

181 2516 226 2574 καί
240 2515 266 2573 τί
280 2515 364 2590 λέγω,
385 2513 423 2590 μὴ
438 2511 652 2591 παροξυνθῆναις
669 2510 746 2587 μόνον
770 2510 802 2568 ἀν
823 2534 862 2577 τις
882 2513 966 2568 αὐτῶν

183 2601 336 2682 σκυθρωπὸν
351 2602 386 2667 εἰς
400 2599 482 2665 αὐτάς
494 2599 537 2677 ἴδη
555 2598 600 2656 καί
613 2597 707 2671 ἀηδὲς,
724 2597 811 2655 πάντα
833 2599 967 2676 αἱροῦνται

142 2715 168 2752 25
185 2690 340 2765 ὑπομένειν,
351 2687 369 2759 ἢ
380 2693 456 2747 τοῦτο
467 2691 602 2745 παθοῦσαν
616 2685 715 2756 ἐκείνην
730 2687 864 2764 περιιδεῖν.

223 2775 301 2834 'stili
314 2773 393 2854 μέχρι
407 2773 474 2841 τίνος
489 2773 534 2831 καί
547 2777 623 2848 ἡμεῖς
637 2774 840 2850 οῖοχημονοῦμεν
853 2769 888 2828 ed
901 2769 965 2829 ἐκεῖ·

183 2889 234 2923 νων
247 2864 412 2940 διηγούμενοι
421 2862 525 2933 πάντας
537 2863 578 2921 Οὐ
588 2858 639 2939 γίιρ
650 2858 682 2931 δὴ
694 2865 770 2917 τοῦτο
780 2859 968 2939 προειλόμεθα,

183 2952 239 3011 ἐπεὶ
253 2954 356 3009 πολλῶν
370 2950 400 3009 ἀν
415 2948 459 3008 καί
473 2953 581 3027 μακρῶν
596 2951 661 3018 ἡμῖν
676 2946 766 3018 ἐδέησε
783 2948 867 3024 λόγοιν
882 2947 968 3004 πάντα

184 3039 321 3107 διεξιοῦσι·
343 3040 443 3113 μᾶλλον
456 3037 483 3094 δὲ
502 3034 650 3111 πάνταμὲν
666 3034 724 3092 οὐδὲ
741 3035 907 3113 βουλομένοις
921 3036 969 3093 δυ-

142 3151 169 3189 an
183 3126 259 3184 νατδν
277 3118 308 3196 ἦν
328 3125 424 3194 εἰπεῖν,
439 3122 514 3201 ὀλίγα
534 3122 562 3180 δὲ
581 3123 611 3179 ἐκ
626 3123 732 3179 πολλῶν
747 3121 903 3194 συνθέντας,
924 3130 969 3187 καὶ

185 3213 266 3279 οὕτως
285 3210 374 3269 ἱκανόν
394 3202 424 3280 ἦν
446 3208 607 3288 ἐργάσασθαι
621 3209 652 3267 τδ
674 3212 768 3283 μῆκος·
793 3211 914 3268 ἀλλὀὐκ
935 3213 970 3277 εἰς

184 3306 261 3357 τοῦτο
276 3299 388 3375 ἥκομεν,
407 3298 474 3354 ἀλλὰ
489 3296 643 3355 καὶτούτων
657 3296 968 3373 άκοντεςέμνημονεύσα-

184 3413 247 3463 μεν,
268 3385 335 3445 ὥστε
358 3385 449 3464 μικρὸν
470 3382 613 3464 ε’πιστύψαι
631 3381 689 3450 τοῦς
708 3388 767 3442 νοῦν
789 3382 898 3463 ἔχοντας
918 3389 969 3443 τῶν

185 3475 372 3554 ἀκροωμένων·
386 3473 477 3532 λοιπδν
492 3472 519 3531 δὲ
532 3474 697 3582 παρακαλεῖν
710 3471 765 3581 χρδ,
775 3473 820 3530 καὶ
834 3473 968 3533 ἱκετεύειν.

144 3579 169 3618 ss
186 3565 221 3623 Δέ
210 3588 286 3639 ομαι
300 3562 332 3635 δὴ
347 3567 392 3620 καί
406 3566 454 3620 ἀντ
456 3562 551 3634 teoto,
570 3561 615 3618 καί
634 3563 685 3618 τῶν
701 3561 782 3638 γονοίτ
773 3587 818 3620 ων
831 3568 970 3643 προκυλιν-

185 3655 279 3728 δοῦμαι
299 3654 352 3710 τῶν
371 3650 521 3762 ρμετέρων,
541 3650 586 3708 καί
608 3659 697 3707 πᾶσαν
718 3650 852 3729 ἱκετηρίαν
867 3653 971 3730 τίθημι,

187 3766 216 3798 πε
206 3741 294 3810 iubar
296 3763 322 3812 ε,
336 3730 388 3797 καί
398 3737 574 3816 ἀνενέγκωμεν
590 3738 642 3796 ἀπὸ
654 3737 749 3808 ταύτης
761 3745 807 3810 τῆς
818 3739 914 3818 μέθης,
926 3741 971 3798 καὶ

185 3833 283 3888 ἑαυτῶν
304 3827 459 3906 γενώμεθα,
474 3827 520 3887 καί
534 3825 581 3897 τὴν
603 3850 684 3903 τιμην
704 3829 894 3904 ἐπιγνῶμε,ν
879 3828 970 3900 ηνδέ-

185 3920 265 3974 δωκεν
280 3917 293 3973 ό
307 3913 375 3980 Θεὸς
390 3915 469 3990 ἡμῖν,
485 3913 590 3972 καὶτοῦ
606 3913 715 3974 Παύλου
731 3918 841 3993 βοῶντος
854 3916 971 3974 ἀκούσω·

145 4027 170 4061 eu
186 4028 247 4079 μεν,
263 4031 273 4054 r
288 4003 336 4072 llll
348 4002 447 4079 γίνεσθε
460 4003 546 4061 δοῦλοι
557 4001 716 4081 ἀνθρώπων·
729 4003 796 4060 »καί
809 4003 971 4080 παυσώμεθα

184 4090 303 4211 γυναιξί
293 4089 455 4155 δουλεύοντες
467 4090 556 4147 ἐπί
521 4114 558 4168 τιρ
568 4095 646 4148 κοινῶ
657 4091 764 4149 πάντων
775 4094 850 4168 ἡμῶν
861 4062 970 4173 όλεθρῳ.
973 4093 977 4102 ’

186 4178 355 4260 ,Στρατιώτας
368 4182 440 4254 ἡμᾶς
459 4181 473 4235 ό
488 4177 603 4257 Χριστος
621 4182 687 4235 εἶναι
702 4177 824 4257 βούλεται
842 4181 973 4258 γενναίους

185 4271 230 4326 καί
255 4267 464 4340 ἀθλητάς.ού
489 4265 532 4324 διά
553 4270 629 4325 τοῦτο
649 4270 719 4342 ἡμᾶς
737 4265 852 4327 ὥπλισεν
873 4270 898 4328 ἓν
920 4278 972 4336 τοῖς

187 4355 220 4414 d-
203 4359 275 4422 τλοις
289 4363 341 4421 τοῖς
362 4362 564 4431 πνευματικοῖς,
586 4352 629 4411 ἱνα
651 4357 734 4432 κορῶν
758 4354 972 4463 τριριόολιμαίων

146 4463 171 4499 rs
187 4447 264 4500 ἀναοε
240 4441 394 4517 εξύιμεθα“
384 4465 494 4521 υπηρεσι
488 4466 541 4514 αν,
554 4441 597 4499 ἱνα
617 4441 703 4521 περίέ
689 4465 745 4521 ερια
766 4466 811 4500 και
801 4442 911 4509 ἱστοὺς
925 4445 972 4501 καί

190 4532 232 4596 -λς
244 4529 365 4596 τοιαύτας
377 4528 549 4610 στρεφόμεθα
565 4529 711 4601 διακονίας,
722 4528 766 4586 ἱνα
777 4529 916 4601 νηθούσαις
927 4531 973 4589 καί

115 4691 117 4693 ³
189 4619 356 4698 ῦφαινούσαις
370 4615 586 4696 παρακαθώμεθα
601 4616 732 4693 γυναιξὶν,
746 4615 790 4674 ἱνα
811 4619 973 4695 διατελῶμεν

187 4717 275 4764 πᾶσαν
296 4703 399 4784 ἡμέραν
414 4704 459 4762 καὶ
478 4706 529 4776 ἤθη
544 4703 590 4763 καὶ
605 4704 711 4785 ῥήματα
727 4709 861 4784 γυναικεῖα
876 4708 911 4773 εἱς
925 4706 974 4778 τὴν

188 4799 286 4853 ἑαυτῶν
311 4791 550 4869 ἐναπσματτόμενοι
565 4791 668 4872 ψυχήν·
686 4794 745 4849 ἀλλ’
766 4793 811 4851 ίνα
832 4793 972 4874 βάλλωμεν

147 4906 173 4943 ςο
188 4879 232 4946 ede
243 4880 367 4961 οἱοράτους
377 4881 499 4956 δυνάμεις
507 4878 553 4946 τὰς
563 4881 742 4956 ἀντικειμένας
751 4882 829 4957 ἡμῖν,
840 4880 883 4939 ἵνα
892 4882 974 4951 πλήτ·

187 4992 272 5044 τωμεν
289 4968 333 5027 τδν
347 4973 543 5047 στρατηγοῦντα
557 4969 649 5034 αὐταῖς
670 4968 809 5040 διάύολον,
831 4967 873 5025 ίνα
894 4971 973 5027 ἐλαυ·

188 5081 272 5130 νωμεν
288 5056 334 5123 τάς
347 5057 438 5136 ἀγρίας
452 5059 503 5114 τῶν
518 5056 649 5131 δαιμόνων
664 5055 816 5136 φάλαγγας,
827 5056 870 5114 ἱνα
887 5080 972 5116 κατα-

189 5149 349 5220 οκάπτωμεν
372 5147 456 5203 αὐτῶν
475 5143 508 5202 τά
527 5144 705 5224 ὀχυρώματα,
725 5145 768 5203 ἱνα
788 5143 835 5210 τας
858 5144 973 5214 ἐξουσίας

187 5233 233 5290 καί
251 5232 308 5292 τούς
323 5232 538 5313 κοσμοκράτορας
553 5239 599 5292 τοῦ
613 5231 719 5300 σκύτους
734 5233 857 5305 δήσαντες
871 5236 973 5313 αἰχμα-

633 447 786 509 cultum
807 444 876 505 EOS
897 444 966 518 Qui
987 442 1090 503 APUD
1111 441 1155 504 SE
1177 443 1332 505 HABENT

1715 446 1785 521 (m.)

1003 583 1076 633 etiam
1089 584 1176 634 lerum.
1210 587 1238 634 ln
1251 584 1350 636 ecclesia
1361 597 1420 636 vero
1429 584 1476 636 dici
1495 599 1544 636 nou
1558 587 1639 651 potest
1650 589 1742 651 quauta
1757 588 1789 639 sit

1004 687 1137 751 turpitudo.
1170 690 1232 738 Nam
1241 690 1309 752 quasi
1319 691 1428 752 oporteat
1437 692 1464 739 ut
1476 689 1632 740 locusnuitns
1640 690 1735 741 illorum
1744 704 1786 753 op·

1009 795 1131 855 probriunt
1147 796 1238 857 ignoret
1251 798 1275 846 et
1290 795 1429 846 illiberalem
1443 801 1600 861 servitutem,
1611 802 1644 850 ita
1656 807 1682 852 et
1696 801 1720 852 in
1737 801 1791 852 loro

1009 889 1055 938 iroc
1063 893 1147 940 sancto
1156 894 1181 940 et
1189 892 1286 940 terribili
1296 893 1409 942 omuiims
1421 908 1488 943 suam
1502 897 1712 958 intemperantiam
1730 912 1791 961 pra·-

1005 998 1100 1060 dicant;
1113 1002 1146 1060 et,
1154 999 1221 1063 quod
1231 1001 1315 1063 utique
1323 1000 1433 1063 grauius,
1444 1014 1472 1050 ca
1484 1015 1509 1051 re
1518 1001 1666 1064 gloriantur,
1677 1002 1710 1053 ob
1718 1017 1791 1066 quam

1006 1106 1147 1156 crubescere
1160 1106 1295 1167 oportebat.
1329 1109 1391 1156 aute
1401 1107 1464 1156 lorea
1477 1107 1540 1169 ipsas
1556 1109 1696 1171 excipiunt,
1715 1124 1793 1159 eunu-

1006 1209 1108 1259 chorum
1118 1210 1171 1259 loco
1188 1209 1335 1272 insoniunt,
1345 1211 1430 1262 obvios
1443 1212 1601 1272 submovent,
1613 1226 1643 1263 ac
1659 1219 1795 1277 preeuntes

1008 1316 1150 1378 superbiunt
1172 1315 1309 1366 uidentibus
1324 1317 1453 1379 omnibus,
1473 1320 1499 1366 et
1517 1331 1566 1367 nou
1588 1319 1795 1381 verecundantur,

1008 1419 1050 1469 sed
1060 1432 1088 1469 aa
1100 1432 1126 1469 re
1137 1419 1269 1482 gloriantur
1281 1439 1287 1468 :
1298 1422 1371 1484 atque
1380 1421 1404 1470 in
1414 1421 1465 1484 ipso
1474 1424 1558 1472 macto
1569 1424 1593 1472 et
1603 1423 1726 1473 horrendo
1742 1438 1795 1487 my-

1008 1524 1138 1574 steriorum
1149 1527 1259 1589 tempore
1270 1526 1432 1576 ministrantes
1442 1525 1473 1575 ad
1483 1539 1565 1576 aarum
1577 1528 1706 1590 placitum,
1715 1531 1797 1580 crimi-

1009 1628 1082 1677 nandi
1097 1629 1235 1679 occasiones
1244 1629 1327 1678 multis
1343 1628 1493 1678 intuentibus
1502 1629 1619 1692 praebent
1653 1631 1798 1682 lltreautem

1009 1728 1104 1779 misene
1119 1731 1144 1779 ei
1162 1729 1324 1791 mantissa,
1343 1743 1399 1780 cum
1413 1736 1537 1794 oporteret
1547 1734 1578 1784 ab
1596 1735 1642 1784 bac
1655 1737 1709 1787 illos
1721 1740 1799 1799 gratia

1011 1833 1152 1895 probibere,
1169 1833 1211 1883 illa
1228 1834 1327 1898 insuper
1342 1834 1476 1897 gloriantur
1490 1840 1515 1887 et
1526 1838 1713 1892 confidentiores
1730 1846 1797 1893 suat

1007 1943 1163 2002 'Quamquam
1175 1941 1194 1989 si
1207 1941 1262 2003 quis
1273 1932 1311 1990 rei
1325 1940 1355 1990 iis
1369 1942 1406 1991 vei
1422 1942 1469 1992 iltis
1484 1944 1628 1996 maledicere
1641 1948 1727 2011 uellet,
1741 1950 1799 2012 qnid

1011 2043 1139 2093 maledicio
1151 2044 1197 2093 Ιιοσ
1208 2044 1326 2094 inveniret
1336 2046 1455 2107 atrocius,
1467 2061 1542 2110 quam
1555 2053 1582 2099 ut
1595 2054 1647 2100 mm
1664 2052 1800 2104 innumeris

1011 2149 1111 2199 testibus
1121 2145 1525 2216 intempemutiaeommarguatur,
1535 2158 1559 2205 et
1568 2155 1591 2204 in
1601 2158 1680 2208 ooubs
1689 2161 1800 2212 omnium

1014 2253 1075 2304 toede
1085 2255 1243 2317 aganilQuid
1251 2268 1312 2318 opus
1321 2256 1358 2306 ost
1366 2255 1447 2307 dicere
1455 2255 1547 2320 quanta
1558 2260 1582 2309 iu
1589 2262 1698 2315 ecclesiis
1705 2263 1739 2312 ob
1750 2266 1802 2315 itta·

1013 2370 1068 2406 rum
1085 2358 1186 2420 gratiam
1197 2358 1377 2420 subvertantur,
1387 2363 1448 2423 quot
1457 2361 1539 2412 divina
1550 2377 1624 2427 opera
1640 2369 1750 2418 amutt's
1761 2384 1802 2419 ne·

1013 2460 1141 2524 giigantur,
1156 2464 1184 2511 ut
1201 2475 1232 2511 nc
1247 2462 1291 2512 has
1304 2463 1413 2514 irritentl
1430 2466 1525 2529 etquid
1541 2467 1596 2517 dico
1608 2483 1640 2519 ne
1656 2471 1803 2523 irritent?si

1013 2566 1068 2629 quis
1076 2567 1171 2615 tautum
1180 2565 1304 2616 insuavius
1315 2570 1340 2616 et
1356 2568 1447 2618 tristius
1459 2583 1499 2619 eas
1510 2574 1645 2635 aspexerit,
1655 2577 1738 2626 omnia
1751 2593 1803 2628 ma·

979 2695 984 2702 ν
1014 2672 1068 2721 tum
1077 2671 1152 2734 terre,
1163 2685 1237 2734 quam
1247 2672 1346 2735 impune
1355 2673 1433 2723 sinere
1443 2674 1510 2724 illam
1520 2675 1566 2725 boc
1578 2691 1673 2740 passam
1684 2695 1746 2732 cam.

1045 2781 1091 2830 sed
1098 2794 1224 2843 quousque
1234 2781 1329 2832 tandem
1339 2785 1364 2833 et
1373 2797 1417 2834 uos
1426 2785 1487 2835 laede
1495 2788 1711 2849 agimus,illonrrn
1719 2797 1804 2845 omnia

1014 2885 1170 2933 enarrantes?
1181 2887 1235 2934 lton
1247 2886 1334 2948 utiquo
1350 2886 1396 2936 boc
1412 2891 1597 2950 proposuimus:
1610 2905 1667 2943 uam
1684 2895 1706 2944 si
1721 2899 1804 2947 omnia

1015 2987 1119 3035 tractare
1128 2985 1244 3049 velimus,
1255 2987 1330 3035 multa
1342 2991 1367 3037 et
1377 2987 1446 3051 longa
1456 2990 1525 3039 nobis
1533 2993 1642 3043 oratione
1651 3009 1714 3058 opus
1722 3002 1803 3049 ml:

1015 3087 1065 3137 imo
1078 3089 1099 3138 si
1114 3088 1220 3139 maxime
1236 3090 1338 3150 uellem,
1349 3103 1398 3140 non
1410 3095 1507 3154 possent
1519 3097 1600 3144 omnia
1616 3097 1679 3161 dici,
1692 3105 1804 3164 quando·

1016 3186 1128 3251 quidem,
1140 3187 1198 3237 ditm
1208 3202 1237 3238 ex
1248 3189 1331 3239 multis
1340 3203 1417 3253 pauca
1428 3192 1576 3257 colligimus,
1587 3197 1661 3248 etiam
1672 3202 1709 3250 sic
1717 3206 1804 3265 pmlisi

1015 3303 1107 3340 sumus.
1141 3290 1245 3340 sednon
1257 3291 1287 3340 ad
1300 3291 1346 3340 boo
1358 3294 1575 3354 venimus,verum
1587 3298 1657 3349 inriti
1665 3301 1698 3350 ad
1708 3302 1805 3355 illorum

1016 3391 1157 3441 memoriam
1177 3394 1237 3456 rapti
1260 3407 1359 3456 sumus,
1379 3398 1407 3445 ut
1423 3397 1516 3447 cordati
1534 3399 1657 3452 auditores
1674 3416 1806 3470 pammper

1015 3493 1204 3544 admonerentur
1214 3512 1220 3543 :
1231 3496 1295 3559 qrtod
1309 3499 1428 3561 reliquum
1438 3503 1488 3563 est,
1501 3514 1580 3564 operae
1590 3506 1697 3567 pretium
1707 3508 1805 3558 ridetur

1017 3601 1044 3646 ut
1055 3598 1244 3648 obsecrationem
1257 3604 1281 3650 et
1293 3604 1454 3663 precationem
1466 3604 1633 3656 adhibeamus.
1669 3613 1722 3659 oro
1733 3613 1807 3673 igitur

1017 3700 1807 3772 etsupplico,etuntcgenuarestrameproroiro‚atqrreobuiue

1018 3812 1090 3862 rogo,
1103 3799 1306 3862 persuadeamiui,
1320 3804 1345 3851 et
1360 3803 1392 3852 ab
1404 3805 1449 3853 troc
1460 3819 1611 3868 emergamus
1626 3810 1759 3872 ebrietate;
1774 3813 1807 3861 si·

1018 3910 1073 3948 mus
1084 3899 1157 3948 nostri
1172 3901 1279 3963 ipsorum
1298 3906 1438 3966 compotes,
1451 3908 1477 3954 et
1495 3883 1654 3969 agnoscamus
1672 3911 1807 3971 bonorem.

1017 4012 1091 4063 quem
1101 3999 1171 4049 dedit
1187 4000 1256 4052 uobis
1274 4004 1353 4062 Deus,
1369 4006 1394 4053 et
1404 4005 1507 4055 Paulum
1519 4006 1665 4058 clamantem
1677 4011 1809 4060 audiamus

1019 4101 1046 4162 (t
1066 4102 1121 4153 Cor.
1135 4107 1158 4152 7.
1177 4104 1223 4164 23)
1237 4117 1244 4149 :
1262 4105 1302 4153 lile
1313 4107 1369 4153 sitis
1381 4109 1449 4156 serui
1461 4107 1610 4170 bominum
1628 4113 1655 4160 et
1668 4111 1809 4162 desinamus

1018 4198 1108 4248 seruire
1122 4198 1262 4248 mulieribus
1279 4200 1309 4249 ad
1324 4215 1478 4251 communem
1499 4205 1608 4254 omnium
1622 4209 1733 4255 nostrum
1751 4221 1808 4270 per·

1019 4293 1114 4343 niciam.
1148 4295 1237 4345 Milites
1249 4311 1293 4346 nos
1306 4311 1357 4347 esse
1372 4298 1483 4349 christus
1496 4301 1550 4349 vult
1564 4305 1675 4351 strenuos
1688 4306 1713 4352 et
1724 4306 1807 4354 attuie-

1018 4389 1063 4437 tas.
1097 4392 1149 4438 Non
1171 4393 1268 4452 propter
1288 4391 1333 4440 troo
1353 4405 1397 4441 nos
1416 4394 1520 4443 armarit
1533 4394 1607 4445 armis
1625 4396 1808 4458 spiritualibus.

1020 4486 1047 4532 ut
1057 4485 1190 4545 puellarum
1201 4485 1371 4557 trioboiarium
1383 4489 1516 4539 ministeria
1525 4492 1693 4554 suscipiamus,
1704 4497 1731 4542 ut
1742 4495 1810 4544 circu

1020 4576 1085 4625 lunas
1099 4581 1124 4626 et
1134 4578 1237 4627 stamina
1251 4581 1275 4628 et
1284 4581 1331 4629 ulia
1345 4581 1462 4643 ejusmodi
1477 4584 1610 4635 ministeria
1627 4600 1763 4649 versemur,
1781 4593 1810 4637 ut

1020 4670 1166 4720 assideamus
1184 4672 1332 4723 mulierculis
1346 4661 1460 4724 uentibu's
1473 4679 1498 4726 et
1514 4679 1668 4740 texentibus,
1686 4684 1713 4730 ut
1727 4685 1810 4732 totum

1019 4763 1082 4814 diem
1100 4777 1271 4815 consumamus
1287 4767 1365 4817 uerbis
1379 4772 1403 4818 et
1418 4740 1526 4820 moribus
1539 4772 1700 4838 muliebribus
1715 4777 1811 4826 animas

1020 4861 1113 4909 nostras
1131 4860 1279 4922 imbuentem
1294 4861 1336 4910 sed
1355 4863 1383 4911 ut
1396 4865 1544 4927 configamus
1560 4867 1691 4920 invisibiles
1707 4871 1811 4922 rirtrrtes

949 4969 957 4989 ι
1020 4967 1075 5016 ηοω
1094 4955 1163 5004 nobis
1184 4954 1352 5018 adversantur,
1374 4959 1402 5007 ut
1423 4958 1547 5009 diabolum
1572 4964 1747 5026 percutiamus,
1766 4967 1810 5030 qrri

1022 5051 1117 5100 illarum
1127 5051 1214 5101 ducem
1224 5052 1283 5114 aggr't,
1291 5053 1448 5116 utabigamus
1458 5055 1549 5106 leroccs
1558 5056 1698 5110 daemonum
1708 5062 1810 5125 pintan·

1021 5161 1074 5208 μοι,
1085 5148 1293 5198 ut-subrertamus
1304 5163 1390 5199 eorum
1400 5154 1593 5216 propugnacula,
1604 5158 1631 5205 ut
1642 5158 1775 5207 potestates
1784 5164 1810 5206 et

1022 5242 1104 5316 mrrndi
1116 5242 1241 5305 dominos,
1254 5246 1357 5295 rectores
1367 5244 1452 5294 irarum
1464 5248 1621 5298 tenebrarum
1631 5251 1655 5299 in
1667 5251 1810 5302 seruitutem
