3892 5867
195 391 254 441 tna

190 509 280 561 σεσθαι
302 499 349 571 τήν
366 499 442 559 πόλιν
459 499 522 575 ἡμῖν
542 497 608 571 μετδι
633 502 683 558 τῶν
707 500 887 559 ἐνοικούντων·
910 502 967 559 ἀλλ’

190 591 233 650 ὅτε
250 590 344 661 ἤλπιζε
357 588 553 656 καταποντίζειν
568 587 598 645 rb
613 589 710 667 σκάφος
727 591 740 644 δ
755 588 889 661 διάύυλος,
910 589 968 645 τότε

191 676 308 755 καθαρδιν
324 676 441 751 γαλήνην
462 676 581 745 έποίησεν
596 677 609 732 δ
625 676 703 740 Θεός.
745 674 792 744 Μή
807 675 890 735 τοίνυν
909 679 969 734 ἐπι-

190 765 379 842 λανθανώμεθα
393 767 439 821 τοῦ
466 763 587 841 μεγέθους
609 766 659 820 τῶν
681 762 836 835 δεινῶν,ίνα
860 787 970 839 μνημο-

163 851 304 928 ςνεύωμεν
326 857 372 908 τοῦ
392 849 514 926 μεγέθους
528 853 579 907 τῶν
600 851 752 929 εὐεργεσιῶν
771 854 823 909 τῶν
837 851 909 930 παρδι
923 856 968 908 τοῦ

190 942 260 998 Θεοῦ
275 938 436 1016 γενομένων·
453 938 498 996 καὶ
516 935 566 1016 γὰρ
584 940 597 994 δ
618 935 654 1012 μή
670 936 743 1003 εἰδὼς
756 944 802 997 τοῦ
821 940 969 1011 νοσήματος

190 1026 240 1095 τήν
252 1025 343 1105 φύσιν,
359 1026 405 1083 οὐκ
419 1023 516 1083 εἴσεται
530 1031 575 1082 τοῦ
585 1026 675 1103 ἰατροῦ
689 1023 735 1096 τήν
747 1023 852 1102 τέχνην.
875 1027 900 1084 Τ
902 1028 969 1081 αῦτα

190 1113 235 1168 καί
249 1112 313 1190 πρδς
323 1116 383 1177 τοίις
395 1112 490 1177 παῖδας
503 1112 620 1188 λέγοιμεν
636 1109 694 1177 τοὺς
708 1110 862 1188 ἡμετέρους,
877 1111 922 1169 καί
934 1113 969 1177 είς

144 1245 149 1251 .
191 1200 285 1276 μυρίας
305 1199 526 1277 παραπέμπωμεν
542 1198 646 1274 γενεάς,
658 1198 700 1258 ἵνα
715 1199 832 1275 μάθωσιν
844 1198 968 1270 ἅπαντες,

152 1313 177 1352 ro
191 1291 245 1352 πῶς
264 1286 424 1345 ἐσπούδασεν
447 1285 599 1353 θδιάθολος
615 1284 661 1343 καὶ
684 1286 713 1343 τὸ
733 1286 825 1365 ἔδαφος
845 1286 971 1366 ἀφανίσαι

190 1378 236 1444 τῆς
251 1374 366 1444 πόλεως,
380 1373 424 1429 καί
440 1376 495 1437 πῶς
509 1371 616 1450 ἴσχυσεν
630 1376 644 1429 δ
660 1372 728 1440 Θεὸς
741 1382 911 1430 πεπτωκυῖαν
926 1374 971 1429 αὐ-

190 1462 236 1530 τήν
251 1461 295 1518 καί
319 1459 443 1536 κειμένην
458 1459 498 1517 ἐπ’
512 1459 588 1538 ὄψεσι
609 1463 704 1529 στῆσαι
723 1460 818 1536 πάλιν,
835 1461 879 1517 καὶ
903 1463 969 1536 μηδε

189 1547 237 1617 τήν
252 1552 382 1624 τυχοῦσαν
397 1549 568 1624 συγχωρήσαι
580 1546 698 1622 γενέσθαι
713 1547 830 1625 βλάθην,
847 1547 970 1605 ἀλλὰκαὶ

189 1635 234 1691 τδν
246 1635 325 1712 φόόοιι
342 1634 428 1690 ἀνεῖλε
434 1678 441 1703 ,
456 1634 501 1689 καλ
515 1634 558 1690 τὸν
573 1633 687 1691 κίνδυνον
704 1635 884 1711 ἀπεκρούσατο
903 1634 970 1711 μετὰ

152 1745 177 1784 ta
191 1723 289 1779 πολλοῦ
306 1724 349 1777 τοῦ
365 1720 469 1799 τάχους.
515 1720 567 1778 Καί
589 1718 640 1798 γὰρ
662 1725 693 1797 τῇ
712 1720 878 1799 παρελθούσῃ
894 1721 969 1780 adlo-

191 1806 254 1883 μάδι
267 1804 313 1872 τδς
333 1807 421 1872 οὐσίας
444 1806 603 1883 δημεύεσθαι
623 1809 823 1884 προσεδοκῶμεν
840 1808 967 1879 ἅπαντες,

191 1893 237 1951 καί
256 1892 421 1969 στρατιώτας
441 1897 505 1968 ἡμῖν
526 1892 696 1971 ἐπαφίισθαι,
722 1894 767 1952 καί
788 1894 868 1973 μυρία
884 1895 970 1971 έτερα

190 1979 411 2057 ώνειροπολοῦμεν
426 1979 511 2037 δεινά·
524 1980 581 2037 ἀλλ’
597 1979 652 2038 ίδοθ
664 1981 751 2039 πάντα
767 1988 852 2041 ἐκεῖνα
866 1986 969 2061 παρήλ·

190 2072 248 2141 θεν,
266 2064 357 2144 ὥσπερ
369 2068 442 2146 νέφος
454 2068 498 2124 καὶ
513 2067 602 2146 ὥσπερ
618 2069 679 2126 σκιδι
693 2071 895 2149 παρστρέχουσα
908 2073 970 2143 ,καί

150 2176 178 2215 ab
191 2159 224 2231 τῇ
237 2153 381 2234 προσδοκίᾳ
395 2159 447 2213 τῶν
462 2157 550 2213 δεινῶν
563 2155 740 2232 έκολάσθημεν
760 2158 855 2235 μόνον·
870 2161 970 2234 μᾶλλον

190 2242 218 2300 δὲ
231 2243 278 2300 οὐκ
292 2241 490 2319 δκολάσθημεν,
507 2242 574 2300 ἀλλὰ
586 2243 632 2301 καλ
644 2244 833 2321 ἐπαιδεύθημεν
845 2246 891 2304 καί
910 2250 971 2325 βελ-

189 2328 257 2395 τίους
271 2327 432 2406 γεγόναμεν,
451 2335 497 2387 τοῦ
511 2333 580 2391 Θεοῦ
591 2329 638 2400 τήν
653 2330 762 2409 καρδίαν
780 2338 826 2390 τοῦ
842 2332 970 2407 βασιλέως

192 2414 365 2492 μαλάξαιτος.
408 2416 534 2495 Λέγωμεν
568 2416 653 2476 τοίνυν
676 2418 818 2484 διαπαντὸς
841 2421 887 2477 καί
911 2421 969 2478 καθ’

189 2503 307 2581 ἡμέραν,
325 2504 473 2581 Εὐλογητὸς
488 2504 596 2577 δΘεδς,
610 2505 655 2564 καί
668 2506 735 2583 μετὰ
753 2506 868 2574 πλείονος
889 2530 969 2566 σπου-

150 2623 177 2661 22„
192 2592 237 2657 δ’ἡς
256 2594 290 2669 τῇ
305 2589 406 2657 συνάξει
420 2592 611 2670 προσέχωμεν,
624 2595 669 2651 καί
688 2593 752 2669 πρὸς
766 2592 813 2664 τήν
828 2594 968 2666 ἐκκλησίαν

191 2676 343 2757 τρέχωμεν,
357 2677 412 2734 ὅθεν
433 2678 642 2756 έκαρπωσάμεθα
657 2678 707 2750 τήν
718 2679 857 2761 ὠφέλειαν.
898 2682 969 2742 'inre

189 2764 240 2845 γδρ
251 2767 277 2823 έν
289 2768 358 2845 ἀρχῇ
371 2771 421 2823 ποῦ
433 2765 591 2845 κατεφύγετε
604 2812 613 2839 ,
626 2771 676 2822 ποῦ
693 2767 881 2846 συνεδράμετε,
892 2768 968 2826 πόθεν

190 2855 253 2928 ἡμῖν
268 2857 285 2923 ἡ
300 2853 418 2932 σωτηρία
427 2851 542 2930 γέγονεν.
586 2852 729 2930 Ἐχώμεθα
743 2854 827 2911 τοίνυν
842 2859 888 2926 τ’ής
898 2858 969 2935 ἱερᾶς

190 2938 323 3020 ἀγκύρας,
345 2941 390 2999 καί
415 2941 532 3017 καθάπερ
555 2941 581 2998 ίν
604 2944 641 3019 τῷ
665 2943 749 3019 καιρῷ
774 2944 826 2998 τῶν
844 2942 968 3016 κινδύνων

151 3053 177 3093 20
190 3031 261 3103 ἡμᾶς
278 3029 307 3085 οὐ
328 3026 492 3105 προέδωκεν,
514 3025 581 3084 ούτω
608 3025 675 3104 peti
697 3032 773 3102 ήμεῖς
789 3027 871 3099 αὐτήν
889 3031 915 3086 έν
930 3034 968 3110 τῷ

194 3115 279 3190 καιρῷ
293 3117 340 3179 τῆς
352 3113 462 3177 ἀνέσεως
474 3114 677 3189 καταλίπωμεν,
690 3112 757 3172 ὐλλίε
776 3113 896 3192 μένωμεν
911 3118 967 3191 μετ’

192 3198 326 3278 ἀκριθείας
339 3198 384 3256 καί
398 3198 444 3265 τὰς
458 3198 572 3265 συνάξεις
584 3201 628 3257 καλ
643 3196 688 3265 τὰς
703 3200 782 3279 εὐχδις
794 3202 840 3260 καὶ
853 3203 900 3274 τὴν
916 3207 967 3263 τῶν

191 3285 265 3344 θείων
278 3286 370 3358 λογίων
383 3285 507 3362 ἀκρόασιν
518 3285 652 3358 ποιώμεθα
664 3287 723 3344 καθ’
734 3287 850 3366 ἡμέραν,
861 3291 907 3346 καί
920 3292 967 3361 τήν

190 3373 288 3450 σχολήν
307 3372 341 3443 ἣν
364 3371 538 3447 άνηλίσκομεν
571 3372 813 3452 περιεργαζόμενοι,
836 3377 970 3456 πολυπρα-

151 3486 176 3526 px
193 3463 347 3533 γμονοῦντες
360 3457 417 3522 τούς
432 3456 484 3515 ἀπὸ
501 3463 546 3515 τοῦ
559 3460 748 3536 στρατοπέδου,
760 3461 968 3540 περιτρέχοντες,

191 3545 377 3612 σπουδάζοντες
398 3542 462 3622 ὑπὲρ
480 3548 531 3602 τῶν
555 3547 725 3622 ἐπικειμένων
747 3551 834 3606 κακῶν
842 3578 860 3620 ,·
870 3549 967 3621 ταύτην

192 3632 371 3704 ἀναλώσωμεν
383 3630 489 3689 ἅπασαν
503 3634 538 3697 εἰς
553 3632 664 3702 τὴντῶν
679 3632 753 3691 θείων
767 3632 852 3709 νόμων
868 3634 968 3714 ἀκρόα-

191 3740 245 3789 σιν,
262 3718 327 3776 ᾶλλδι
351 3716 388 3791 μή
404 3719 439 3781 είς
452 3717 575 3797 ἀκαίρους
589 3717 633 3776 καί
659 3719 796 3790 ἀνονήτους
818 3720 967 3800 διατριόδς,

189 3802 233 3862 ἵνα
252 3804 289 3880 μὴ
308 3805 388 3862 πάλιν
413 3806 447 3869 εἰς
469 3804 517 3877 τήν
531 3806 648 3883 ἀνάγκην
670 3809 716 3877 τῆς
732 3807 857 3885 ἀσχολίας
869 3808 968 3881 ἐκείνης

148 3921 167 3959 4·
190 3891 295 3957 δαυτούς
306 3890 524 3966 καταστήσωμεν.

712 379 766 438 ΑΙ)
789 379 971 441 POPULUM
993 379 1274 444 antrustionum

1737 382 1796 459 l¹¹⁸l

1015 505 1138 555 sublatum
1151 507 1178 555 iri
1200 506 1380 568 suspicabamur
1400 506 1460 555 :seu
1480 520 1535 555 curn
1550 506 1660 555 ‹liabolus
1672 507 1795 569 nauigium

1015 620 1167 680 submergere
1191 619 1318 681 sperabat,
1340 625 1397 668 tuuc
1416 631 1500 682 puram
1526 623 1589 670 Deus
1607 621 1663 671 tecit
1682 623 1799 683 banquit·

1017 733 1116 781 litatem.
1149 736 1184 782 Ne
1202 733 1272 793 igitur
1282 732 1453 781 stativiscnmur
1473 734 1644 793 magnitudinis
1661 735 1797 791 malorum,

1017 852 1045 895 ut
1059 847 1227 895 beneficiorum
1238 860 1253 895 a
1266 850 1316 896 ueo
1330 847 1471 895 collatorum
1482 848 1670 908 magnitudinem
1689 848 1798 898 recorda·

1016 974 1088 1009 mur:
1102 961 1190 1009 etenim
1207 959 1248 1021 qtti
1264 960 1403 1009 morborum
1417 963 1525 1009 naturam
1546 961 1635 1021 nescit,
1656 961 1744 1011 medici
1760 976 1799 1009 ar·

1017 1080 1066 1129 tem
1079 1091 1210 1140 numquam
1224 1079 1292 1126 sciet.
1327 1081 1384 1128 line
1401 1081 1426 1127 et
1440 1079 1520 1139 pueris
1534 1079 1621 1128 nostris
1634 1080 1760 1138 dirarnns,
1775 1086 1801 1129 et

1016 1190 1039 1240 iu
1054 1191 1118 1239 mille
1133 1190 1258 1241 mittamus
1271 1192 1450 1253 generationes,
1465 1194 1492 1241 ut
1507 1205 1591 1241 omues
1605 1192 1715 1253 demut,
1730 1206 1795 1255 quo·

1016 1304 1087 1354 modo
1098 1303 1208 1353 diabotus
1218 1306 1256 1354 vel
1266 1306 1344 1353 solium
1354 1304 1457 1354 civitatis
1466 1305 1544 1355 delere
1555 1306 1674 1356 studuerit
1683 1343 1691 1367 ,
1700 1311 1726 1356 et
1734 1320 1801 1370 quo·

960 1460 966 1482 ,
1016 1417 1087 1466 modo
1098 1418 1173 1480 ipsam
1188 1421 1254 1466 Deras
1269 1419 1360 1480 lapsam
1372 1421 1398 1468 et
1414 1418 1532 1478 jacentem
1550 1432 1634 1468 narsus
1650 1420 1742 1479 erigere
1757 1434 1799 1468 ra·

1016 1530 1100 1591 tuterit,
1116 1543 1192 1590 neque
1205 1530 1281 1578 ultum
1295 1530 1343 1591 pati
1358 1530 1473 1578 damnum
1488 1531 1649 1590 concesserit,
1661 1530 1692 1579 ad
1707 1530 1755 1580 lroc
1774 1535 1802 1580 et

1015 1644 1125 1691 lusorem
1149 1643 1290 1704 sustulerit,
1311 1646 1336 1693 et
1360 1644 1474 1705 repulerit
1497 1657 1553 1692 cum
1574 1643 1652 1693 multa
1674 1644 1801 1693 celeritate

1016 1756 1158 1818 perieulum.
1192 1758 1286 1806 Etenim
1323 1757 1470 1806 bebdomada
1509 1757 1630 1819 preterita
1671 1758 1801 1807 facultates

1015 1870 1084 1932 diripi
1098 1884 1181 1920 omues
1193 1871 1408 1934 exspectabamus,
1425 1875 1449 1921 et
1461 1872 1549 1921 milites
1564 1871 1634 1921 nobis
1647 1872 1761 1931 immitti,
1774 1878 1801 1921 et

1016 1984 1106 2034 introita
1120 1985 1166 2034 alia
1181 1985 1244 2034 mala
1257 1985 1437 2034 somniabamur
1445 2003 1454 2047 ;
1464 1985 1506 2035 sed
1515 1999 1571 2035 eece
1584 1986 1624 2035 illa
1640 1986 1722 2035 omnia
1737 1998 1800 2047 pn·-
1836 2032 1842 2047 ,

1016 2098 1145 2159 lenierunt,
1156 2103 1278 2162 tamquam
1291 2099 1380 2160 πολιαι,
1392 2103 1416 2149 et
1430 2099 1495 2149 retut
1510 2099 1595 2148 umbra
1608 2100 1798 2162 praeteruolans,

1015 2218 1040 2263 et
1049 2213 1101 2263 sols
1111 2213 1275 2263 calamitatum
1285 2215 1462 2275 exspectatione
1474 2214 1550 2275 puniti
1562 2227 1660 2274 sumus;
1677 2216 1727 2263 imo
1741 2228 1802 2263 vero

1015 2339 1063 2374 non
1076 2325 1152 2387 puniti
1160 2339 1258 2384 surmus,
1267 2326 1308 2374 sed
1319 2327 1418 2375 correcti
1428 2329 1455 2376 et
1465 2326 1574 2375 meliores
1588 2326 1653 2386 laeli,
1663 2327 1721 2387 quia
1734 2330 1801 2377 Deus

1017 2445 1167 2505 imperatoris
1175 2457 1218 2493 eor
1227 2444 1353 2494 emollivit.
1363 2447 1478 2494 Dicamus
1489 2445 1559 2506 igitur
1575 2458 1670 2506 semper
1679 2450 1704 2493 et
1716 2445 1800 2506 quoti·

1016 2558 1065 2607 die:
1074 2558 1213 2607 Benedictus
1221 2554 1389 2619 benneclerum
1398 2559 1481 2620 nraJori
1494 2558 1572 2608 studio
1581 2560 1664 2620 synaxi
1673 2571 1801 2619 racemus,

1015 2675 1038 2717 et
1051 2682 1177 2718 currauurs
1189 2670 1217 2719 ad
1230 2670 1369 2732 ecclesiam,
1381 2671 1443 2719 unde
1457 2671 1584 2720 utilitatem
1597 2679 1687 2720 tautam
1704 2677 1801 2736 aoeepi·

1016 2794 1078 2832 tuus.
1096 2782 1167 2831 Scitis
1175 2783 1281 2838 animab
1293 2783 1360 2831 initio
1372 2797 1420 2844 orio
1431 2785 1585 2843 continueritis
1594 2820 1601 2843 ,
1609 2799 1659 2846 quo
1668 2799 1800 2835 concurre·

1017 2896 1083 2958 ritis,
1096 2897 1160 2945 unde
1173 2894 1277 2946 lacta'sit
1289 2897 1357 2945 uobis
1370 2898 1441 2945 salus.
1474 2901 1607 2947 'teneamus
1619 2898 1691 2957 igitur
1702 2913 1800 2955 sacram

1016 3016 1169 3073 unicornuum
1178 3014 1238 3062 sinu
1247 3013 1271 3062 in
1282 3016 1388 3074 tempore
1398 3013 1556 3076 periculomm
1564 3027 1609 3063 nos
1619 3027 1667 3063 nou
1680 3016 1800 3076 prodidit,

1014 3124 1047 3167 sie
1061 3135 1138 3180 ιιεηιιε
1152 3134 1196 3169 uos
1211 3122 1286 3183 ipsam
1303 3121 1327 3171 ln
1340 3124 1448 3184 tempore
1459 3121 1603 3170 remissionis
1615 3122 1798 3184 relinquaran

1013 3235 1054 3282 sot
1067 3248 1122 3282 cnm
1135 3246 1190 3280 eirea
1204 3245 1359 3290 maneamus,
1380 3233 1404 3280 ot
1415 3229 1522 3292 qttobdie
1536 3230 1651 3279 iaciamus
1663 3234 1801 3279 conrardus

1016 3353 1156 3403 prensante,
1173 3340 1302 3402 ultriusque
1314 3338 1442 3387 audiamus
1455 3337 1568 3398 eloquia:
1586 3338 1610 3385 et
1622 3335 1688 3398 quod
1703 3338 1798 3397 imperi·

1015 3450 1131 3500 debamus
1145 3452 1221 3500 otium
1234 3452 1368 3509 satagentes
1380 3454 1403 3497 et
1416 3448 1511 3496 curiose
1521 3448 1669 3495 sciscitantes
1682 3460 1696 3495 e
1713 3447 1799 3494 castris

1016 3562 1147 3623 protectos,
1160 3564 1387 3621 circumcurrentes,
1408 3558 1609 3624 proinstantibus
1623 3556 1694 3606 malis
1708 3570 1794 3605 οιιτιτι

1015 3674 1136 3731 gerentes,
1152 3670 1283 3719 beatotum
1298 3669 1390 3718 diuinas
1400 3668 1461 3730 leges
1475 3666 1595 3716 arrdieudo
1612 3664 1799 3727 impendamus,

1016 3790 1063 3825 nort
1076 3778 1157 3826 autem
1179 3777 1202 3825 iu
1225 3778 1372 3839 importunas
1393 3782 1418 3826 et
1438 3777 1533 3825 inutiles
1547 3773 1745 3833 exercitationes,
1768 3787 1799 3820 ne

1016 3887 1131 3935 rursusin
1147 3886 1211 3935 itlius
1228 3887 1314 3947 negotii
1334 3886 1499 3934 necessitatem
1514 3884 1635 3944 nosipsos
1649 3882 1796 3942 religamen.

230 3978 278 4038 Ἐν
293 3979 340 4053 μέν
359 3970 403 4037 οὐν
426 3986 481 4044 ταῖς
494 3977 684 4058 παρελθούσαις
699 3978 782 4059 τρισίν
799 3979 909 4058 ἡμέραις
921 3983 978 4042 ἵνα.

189 4065 344 4144 θεογνωσίας
359 4064 520 4141 έὶητάσιιμεν
534 4066 643 4145 τρόπον,
661 4066 782 4144 καὶπρὸς
798 4065 826 4123 τὸ
838 4066 909 4133 τελος
919 4069 969 4124 αὐ-

189 4153 234 4212 τὸν
245 4154 396 4230 ἠγάγομεν,
408 4152 593 4232 ἑρμηνεύοντες
602 4157 656 4218 πῶς
670 4178 683 4206 ι
695 4155 730 4213 Ol
739 4152 842 4231 eriperent
855 4153 969 4228 διηγοῦν-

188 4263 234 4299 ται
250 4240 324 4307 δοξαν
336 4242 406 4300 Θεοῦ
422 4268 452 4316 ι,
468 4241 514 4298 καί
528 4240 553 4297 τί
568 4240 632 4298 ποτέ
644 4242 699 4299 ἐστι
712 4240 742 4298 τὸ
754 4239 826 4317 παρὰ
838 4245 882 4297 τοῦ
896 4240 968 4299 Παύ-

148 4351 174 4391 ts
188 4327 236 4385 λου
250 4325 405 4402 λεγόμενον,
427 4329 494 4384 δτιι
516 4327 559 4386 Τδι
579 4328 678 4404 ἀόρατα
696 4328 773 4383 αὐτοῦ
789 4325 841 4384 ἀπὸ
861 4326 969 4393 κτίσεως

191 4412 289 4488 κόσμου
302 4421 354 4481 τοῖς
368 4412 498 4489 ποιήμασι
511 4413 639 4489 νοούμενα
651 4419 793 4491 καθορᾶται
809 4439 834 4483 υ,
848 4412 891 4470 καί
903 4413 967 4473 ἑδεί·

1047 4001 1070 4043 2.
1089 3995 1176 4044 Tribus
1188 3996 1260 4055 igilur
1272 3994 1397 4057 preteritis
1408 3993 1492 4042 diebus
1504 4007 1578 4041 uuum
1591 3994 1736 4054 cognitionis
1753 3996 1798 4042 Dei

1016 4089 1113 4137 modum
1137 4089 1318 4150 quaerebamus,
1340 4090 1465 4149 ipsumque
1486 4088 1509 4135 iu
1532 4087 1604 4135 linem
1628 4086 1795 4146 deduximus,

1015 4183 1211 4244 interpretantes,
1233 4182 1354 4245 qrromndo
1379 4182 1441 4230 Coeti
1459 4183 1588 4229 enarrant
1612 4180 1727 4241 utorium
1752 4185 1799 4231 Dra

1015 4276 1107 4336 (Paul.
1125 4280 1162 4324 18.
1173 4283 1187 4325 2
1199 4276 1222 4336 );
1232 4281 1255 4325 et
1268 4276 1338 4337 quale
1351 4274 1446 4323 tandem
1461 4276 1493 4323 sit
1507 4274 1574 4323 l‘auti
1591 4274 1684 4323 dictum
1699 4277 1794 4337 (liora.

1017 4380 1037 4422 t.
1053 4374 1112 4433 ab),
1132 4371 1278 4422 inuisibilia
1294 4373 1374 4432 ipsius
1391 4384 1409 4418 α
1429 4373 1554 4419 creatura
1571 4370 1663 4419 mundi
1679 4383 1729 4432 per
1751 4350 1798 4431 err,

1015 4481 1072 4532 pern
1081 4467 1153 4525 seclo
1162 4470 1237 4524 sunt,
1247 4466 1382 4514 intellectu
1392 4465 1586 4525 corispicinulur
1594 4477 1603 4509 .·
1612 4467 1636 4513 et
1645 4463 1797 4513 demonstra·

1014 4563 1094 4610 rimus
1114 4560 1236 4623 quomodo
1251 4572 1293 4620 per
1315 4561 1402 4608 coetum
1426 4564 1451 4607 et
1471 4562 1558 4606 terram
1573 4564 1598 4606 et
1615 4571 1680 4607 mare
1699 4564 1798 4609 creator

1014 4655 1169 4718 glorificatur.
1202 4653 1278 4702 llodie
1292 4665 1348 4701 uero
1360 4653 1478 4713 paulisper
1489 4652 1513 4700 iu
1529 4652 1699 4699 transuersum
1717 4653 1798 4713 pitito·

1014 4749 1108 4811 sopltati
1121 4748 1256 4804 materiam,
1274 4746 1303 4794 ad
1315 4746 1389 4795 atium
1403 4745 1557 4795 transibimus
1571 4758 1708 4794 sermonem
1722 4761 1729 4793 τ
1746 4760 1799 4796 uon

188 4870 233 4909 νον
258 4849 379 4918 ίποίησεν
395 4848 492 4925 αὐτήν,
515 4849 636 4908 ἀλλὰκαὶ
656 4847 796 4924 γενομένην
816 4849 968 4929 ἐργάζεσθαι
1013 4843 1076 4892 euim
1093 4845 1188 4891 lautum
1204 4840 1258 4889 lecit
1270 4839 1405 4897 murtdum,
1423 4839 1550 4886 sedetiam
1570 4842 1598 4886 ut
1616 4838 1694 4887 lactus
1709 4854 1796 4901 opera·

190 4935 400 5016 παρεσκεύασεν,
415 4935 474 4994 οὔτε
489 4944 575 4995 πᾶσαν
590 4938 712 5008 ἀκίνητον
732 4937 818 5017 ἀφείς,
831 4935 889 4994 οὔτε
907 4944 967 4993 πᾶ.
1013 4938 1088 4994 retur,
1108 4935 1200 4995 θίίθύίί,
1217 4946 1295 4995 neque
1309 4936 1387 4982 ίῠίΙΗῙ]
1403 4932 1551 4981 immobilem
1565 4932 1703 4991 dimttlellss,
1716 4947 1799 4997 mque

190 5046 239 5080 σαν
262 5029 389 5084 κινεῖσθαι
410 5023 549 5089 κελεύσας·
570 5025 628 5081 ἀλλ’
647 5023 751 5103 οὐρανδς
772 5022 820 5100 μέν
847 5023 967 5095 ἀκίνητος
1013 5032 1089 5076 totum
1108 5027 1194 5088 iubens
1212 5026 1314 5084 moreau
1326 5024 1466 5074 sedentum
1481 5025 1580 5086 qttidem
1593 5025 1721 5073 immotum
1743 5041 1796 5088 pen

190 5110 296 5190 έστηκε,
311 5113 429 5193 καθάπερ
446 5117 461 5171 θ
480 5112 615 5192 προφήτης
634 5112 748 5192 φησίν,α
764 5111 799 5171 Ὁ
814 5109 911 5183 στήσας
922 5110 965 5170 τὸν
1014 5120 1114 5181 mansit,
1131 5119 1193 5168 sicut
1208 5118 1323 5180 propitiata
1332 5116 1389 5166 dicit
1406 5116 1489 5179 (lsai.
1503 5120 1541 5166 lb.
1554 5123 1583 5166 22
1594 5116 1620 5177 l,
1635 5119 1683 5175 Qui
1696 5120 1798 5166 noluit

189 4522 287 4575 κνυμεν
301 4504 356 4566 πῶς
369 4501 421 4560 ἀπὸ
434 4500 542 4566 κτίσεως
558 4501 670 4576 κόσμου,
682 4507 727 4558 καὶ
741 4502 796 4566 πῶς
815 4499 847 4558 δι’
859 4502 967 4579 οὐρανοῦ

188 4584 235 4646 καί
249 4589 296 4661 γῆς
306 4587 351 4644 καί
366 4587 493 4657 θαλάττης
504 4592 517 4645 θ
529 4586 683 4664 δημιουργός
696 4585 843 4654 δοξάζεται·
856 4586 968 4665 τήμερον

189 4673 218 4733 δέ
230 4674 307 4751 ὐλίγα
329 4675 408 4732 πάλιν
425 4677 459 4740 εἰς
471 4675 552 4745 αὐτήν
564 4675 661 4745 ταύτην
682 4675 902 4754 φιλοσοφήσαντες
922 4675 968 4744 τήν

149 4780 176 4820 ιιι
189 4761 311 4819 ὑπόθεσιν
321 4761 361 4840 ἐφ’
370 4760 456 4839 ἕτερον
471 4761 629 4839 βαδιούμεθα
639 4762 724 4838 λόγον.
768 4761 835 4821 Οὐδὲ
848 4761 898 4840 γὰρ
915 4760 967 4837 μό-
