3892 5867
191 389 247 440 iso

184 515 262 571 τοῦτο
281 508 355 569 καλό
370 505 438 573 Θεὸς
454 504 480 575 ἐξ
499 506 583 586 ἀρχῆς
596 503 644 577 τὴν
658 514 769 584 γυναῖκα
781 505 865 587 ταύτῃ
877 505 968 566 καθύ-

130 638 136 648 .
184 599 263 655 πλισε
286 600 320 676 τῇ
348 596 436 674 ἰσχύϊ,
457 592 532 660 εἰδὼς
551 591 592 651 ότι
617 592 718 674 σφόδρα
743 593 968 673 εὐκαταφρόνητος

185 683 275 756 ἐσται,
288 683 325 761 μὴ
339 682 437 754 ταύτην
455 679 606 758 ἐπαγομένη
615 680 664 752 τὴν
674 681 802 760 ἀνάγκην,
810 681 855 740 καὶ
868 679 908 738 δτι
920 684 967 739 ού-

186 771 236 838 δείς
250 772 283 830 ἀν
299 771 384 830 ἕλοιτο
398 772 465 849 αὐτῇ
478 771 632 839 συνοικῆσαι
651 767 803 847 καθαρεύων
816 767 964 845 ἐπιθυμίας.

157 862 221 920 att
240 858 291 939 γδιρ
315 858 361 918 καί
382 856 512 928 τοσαύτης
534 856 699 933 ἐπικειμένης
720 856 836 934 ἀνάγκης
855 861 899 914 νῦν
920 855 967 915 καὶ

183 949 284 1019 πολλῆς
304 945 394 1025 ἑτέρας
414 945 505 1025 χρείας
521 942 615 1003 -καλ
633 943 685 1026 γάρ
697 944 743 1003 καὶ
762 946 964 1016 παιδοποιοῦσι,

183 1034 230 1094 καὶ
254 1036 415 1114 αἰκουραῦσι,
442 1034 489 1092 καί
510 1029 587 1110 ἐτιρα
610 1030 790 1089 διακονοῦνται
810 1028 897 1089 πολλά
921 1028 967 1089 καί

184 1122 292 1181 πλείονα
303 1121 415 1180 τούτων·
427 1122 450 1177 εί
461 1119 490 1178 δέ
499 1124 608 1178 τοιαῦτα
618 1124 663 1177 νῦν
673 1119 718 1177 καλ
727 1125 842 1178 τοσαῦτα
853 1120 968 1197 λιιτουρ·

184 1214 278 1287 γοῦσαι
298 1216 352 1275 τοῖς
375 1206 498 1287 ἀνδράσιν
522 1204 743 1286 εὐκαταφρόνητοι
763 1205 890 1272 πολλάκις
907 1204 966 1283 ἐγέ·

146 1312 173 1353 tu
184 1319 275 1374 νοντα,
286 1294 332 1355 καί
346 1299 392 1366 τῆς
406 1294 490 1360 οἰκίας
506 1291 695 1365 ἐξεθλήθησαν,
710 1295 767 1360 πῶς
784 1291 817 1350 διν
830 1295 968 1369 ἐπιθυμίας

184 1384 265 1464 χωρίς
279 1375 348 1456 ἦσαν
363 1385 424 1459 ύμῖν
437 1380 570 1455 ποθεινοί,
585 1379 630 1438 καί
646 1384 730 1438 ταῦτα
747 1379 879 1447 τοσούτοις
899 1383 968 1456 ὑμᾶς

185 1472 294 1531 ὀνείδεσι
312 1469 519 1550 περιθάλλουσαι
529 1492 537 1540 3
549 1466 588 1528 *il
605 1466 694 1545 λέγετε
715 1468 799 1526 τοίνυν
819 1468 866 1538 τὴν
881 1467 967 1526 αἰτίαν

182 1563 230 1631 τῆς
237 1554 575 1630 συναικήσεως,ἢαύδεμίαν
587 1553 743 1614 ὑποπτεύειν
753 1555 845 1634 ἑτέραν
855 1554 967 1633 ἀνάγκη,

184 1645 272 1718 ἀλλ’ἢ
285 1644 401 1725 πονηράν
416 1643 556 1721 ἐπιθυμίαν
571 1642 617 1702 καὶ
630 1641 726 1714 ἡδονὴν
740 1642 924 1702 ἐπονείδιστον.

146 1750 172 1791 it
224 1732 261 1794 Τί
274 1723 328 1803 σύν,
346 1733 378 1791 δν
400 1733 561 1807 δυνηθῶμεν,
578 1730 669 1811 φησίν,
692 1728 778 1789 αἰτίαν
800 1729 906 1809 ιύλαγον
921 1730 967 1788 καλ

184 1821 289 1881 δικαίαν
310 1822 404 1896 εἰπεῖν,
423 1817 470 1898 ἐαη
495 1818 581 1895 μάτην
603 1823 688 1876 ταῦτα
713 1817 773 1896 περὶ
794 1821 871 1894 ἡμῶν
893 1819 967 1898 εἰρη-

184 1909 252 1982 κώς;
275 1908 404 1969 Μάλιστα
423 1906 471 1983 μέν
492 1905 614 1983 οὐδεμίαν
638 1906 719 1985 ἐρεῖτε
736 1905 874 1977 τοιαύτην·
895 1905 966 1978 πλὴν

185 1997 255 2057 ἀλλά
275 1996 321 2056 καί
335 1994 417 2074 οὕτως
430 1994 576 2072 ἐθουλόμην
589 1999 691 2072 μαθεῖν,
705 1992 729 2052 εί
742 2016 801 2051 τινα
816 1992 892 2052 σκιάν
905 1998 968 2071 γοῦν

186 2085 260 2165 έχιτε
280 2083 389 2162 εὐλόγου
412 2082 567 2163 προφάσεως
589 2084 680 2142 εἰπεῖν.
731 2079 966 2161 Ἇπροστάτεντος,

144 2184 172 2228 ab
184 2171 273 2254 φησίν,
286 2170 356 2230 ἐστὶν
374 2173 390 2240 ἡ
408 2169 552 2249 παρθένος,
573 2173 621 2228 αύκ
646 2168 727 2248 ἀνδρα
742 2167 856 2247 ἐχουσα,
872 2169 901 2227 ού
915 2190 967 2240 κη·

184 2261 292 2336 decada,
312 2258 439 2326 πολλάκις
452 2257 480 2316 δέ
501 2256 560 2316 οὐδὲ
581 2255 704 2336 πατέρα,
718 2258 765 2315 αύκ
785 2254 906 2336 ἀδελφὸν,
922 2254 967 2314 καὶ

185 2348 269 2406 δεῖται
281 2350 326 2405 τοῦ
337 2352 414 2425 χεῖρα
429 2342 574 2423 ὀρέξαντος,
592 2341 637 2400 καί
651 2339 699 2413 τὴν
715 2341 825 2422 ἐρημίαν
837 2364 967 2422 παραμυ-

185 2434 344 2511 θησαμένου,
359 2432 405 2492 καί
425 2436 563 2511 πανταχοῦ
577 2428 796 2511 πραθεθλημένου
817 2429 863 2489 καί
879 2452 969 2489 κατα-

185 2522 324 2594 στήσοντας
335 2519 416 2593 αὐτὴν
428 2522 454 2579 ἐν
468 2517 599 2601 ἀσφαλείᾳ
610 2520 696 2597 πολλῇ
709 2519 754 2577 καί
766 2517 863 2594 λιμένι.
897 2517 968 2599 Ποίιρ

145 2627 173 2668 aa
186 2610 325 2692 ἀσφαλείᾳ,
335 2609 392 2668 ιέπέ
402 2631 460 2686 μοι,
471 2608 539 2688 παίιρ
548 2605 650 2686 λιμένι,
663 2606 708 2665 τδν
719 2605 770 2685 γάρ
780 2605 909 2687 πρόὸολαν
921 2608 969 2665 ούκ

186 2699 305 2781 είργοντα
325 2701 379 2779 δρῶ
398 2697 432 2757 τά
447 2695 570 2774 κύματα,
588 2697 649 2754 ἀλλ’
665 2695 851 2777 ἐπεγείραντα,
865 2695 911 2755 καί
925 2694 969 2754 τὸν

185 2787 280 2866 λιμένα
297 2789 345 2847 οὐκ
360 2784 552 2846 ἀναατέλλοντα
564 2784 609 2844 τδν
625 2787 761 2864 χειμῶνα,
780 2783 849 2843 ἀλλά
861 2781 907 2843 καί
922 2782 968 2851 τὰς

186 2878 234 2936 οὗκ
246 2874 326 2943 ούσας
339 2873 460 2934 τίκτοντα
471 2872 622 2955 τρικυμίας.
666 2863 735 2933 Εἶτα
748 2874 795 2932 ούκ
806 2870 969 2952 αἰσχύνεσθε,

185 2966 234 3023 ούκ
257 2963 452 3042 ἐγκαλύπτεαθε
475 2968 584 3021 τοιαῦτα
602 2960 834 3040 ·θιπολαγούμενοι;
861 2962 894 3020 Εἰ
916 2960 968 3040 γὰρ

146 3067 174 3109 σο
187 3050 305 3130 μηδεμία
320 3054 350 3110 ἐκ
363 3049 461 3123 ταύτης
475 3053 523 3122 τῆς
535 3048 668 3117 διακονίας
683 3046 799 3107 ἐτίκτετο
812 3045 969 3126 κακηγορία,

187 3138 256 3217 μηδέ
278 3137 384 3217 βλάόη,
405 3138 473 3214 μηδὲ
495 3138 651 3208 σκάνδαλον,
674 3134 743 3194 ἀλλά
763 3137 822 3212 μετ’
841 3135 970 3214 εὐφημίας

186 3224 246 3297 ἐξῆν
262 3224 327 3284 abab
338 3229 415 3285 τοῦτο
432 3232 527 3303 ποιεῖν,
541 3225 609 3290 τίνος
629 3227 677 3284 ούκ
690 3224 723 3282 ἀν
737 3213 784 3296 ἦτε
804 3221 970 3301 ἐλεεινότεροι

187 3313 232 3373 τδν
246 3315 359 3373 πλοῦτον
373 3316 454 3385 αὐτῆς
468 3312 601 3386 αὔξοντες,
615 3315 661 3373 καί
679 3312 742 3393 πρὸς
757 3311 969 3394 φιλοχρηματίαν

187 3402 380 3480 γυμνάζοντες,
403 3401 450 3461 καλ
472 3402 508 3469 είς
531 3401 679 3482 πράγματα
707 3400 898 3477 ἐμόάλλοντες,
925 3401 970 3459 καί

147 3504 174 3545 ab
188 3489 252 3570 πρὸς
265 3490 400 3565 κοσμικάς
409 3488 635 3572 παιδατριθούντες
658 3491 811 3570 φροντίδας,
827 3489 971 3565 οἰκονόμων

187 3576 262 3648 τάξιν
275 3577 322 3637 καλ
334 3576 484 3660 ἐπιτρόπων
495 3575 541 3636 καλ
553 3574 685 3657 ἀγοραίων
697 3580 774 3636 τινῶν
792 3575 971 3636 ἀνταλλαττό-

158 3673 162 3678 ’
189 3689 278 3744 μενοι,
300 3666 354 3727 itai
368 3665 470 3746 σφόδρα
486 3688 531 3743 γε·
551 3666 581 3724 αθ
595 3664 646 3744 γάρ
661 3663 801 3736 δυνήσεσθε
815 3663 875 3745 περί
889 3666 972 3735 ἀκτη-

189 3752 304 3828 μοσύνης
327 3753 513 3831 διαλεχθῆναι,
533 3751 579 3811 κοιλ
602 3759 692 3812 πεῖσαι
712 3754 764 3810 τῶν
787 3750 869 3810 όντων
887 3774 970 3810 κατα-

189 3847 303 3923 φρονεῖν,
317 3842 341 3900 oi
356 3839 443 3897 πάντα
468 3844 601 3906 ποιοῦντες
614 3837 687 3906 ὅπως
710 3837 784 3917 μίναι
805 3839 851 3898 καί
870 3837 972 3908 αύξαιτο

149 3946 176 3986 tc
189 3929 223 3989 τά
235 3928 316 4001 ὄντα,
329 3927 375 3987 καὶ
386 3927 462 4006 πόροι
474 3927 563 4007 πόροις
578 3927 768 4005 ἐπιγίγνοιντο,
781 3925 898 4000 κάπηλοί
906 3951 971 3996 τινες

188 4016 235 4077 καλ
246 4015 443 4095 παλιγκάπηλοι
457 4018 489 4076 δι’
504 4017 603 4084 ἐκείνας
616 4016 769 4095 γινόμεναι,
786 4015 917 4095 ἀχρηστοί
930 4038 970 4094 γε·

190 4109 219 4167 ού
237 4106 289 4187 γδρ
301 4105 347 4165 καλ
360 4109 476 4184 γενναῖαι
490 4108 564 4182 ὑμῶν
589 4107 617 4164 σί
630 4104 747 4184 ἐλπίδες,
762 4102 787 4163 αθ
798 4104 842 4163 τὸν
858 4104 970 4185 σταυρὸν

189 4194 368 4262 κελευσθέντες
389 4195 527 4275 βαστάζειν
541 4193 588 4252 καί
606 4192 716 4253 ἐπεσθκι
736 4195 775 4274 τῷ
789 4195 914 4274 Χριστῷ,
932 4191 972 4274 ρί-

189 4288 284 4365 ψαντες
295 4282 339 4342 τδν
350 4282 473 4364 σταυρὸν,
489 4281 607 4363 καθάπερ
621 4285 781 4363 στρατιῶται
794 4279 910 4357 μαλακαί
921 4279 969 4352 τὴν

149 4389 176 4430 ta
190 4372 305 4444 ἀσπίδα,
332 4372 454 4450 ἠλακάτη
477 4371 668 4451 παρακάθησθε
686 4370 731 4429 καί
752 4368 921 4447 καλαθίσκῳ,
939 4368 972 4426 δι’

190 4460 281 4539 ἐτέρας
294 4457 465 4539 αίσχροτέρας
478 4458 587 4537 μεθόδου
601 4458 649 4530 τὴν
664 4462 700 4525 τίς
719 4457 763 4517 τὸν
778 4455 897 4538 παρόντα
917 4457 972 4535 βίον

190 4549 338 4617 ἀνοίξαντες
349 4546 438 4627 θύραν.
480 4549 522 4607 od
535 4548 587 4626 γδρ
601 4546 682 4615 οθτως
697 4545 805 4625 αἰσχρόν
819 4544 878 4612 τοὺς
889 4567 972 4622 γεγα·

192 4635 309 4713 μηκότας
322 4639 406 4693 ταῦτα
428 4635 583 4711 οἰκονομεῖν,
606 4637 641 4701 ὡς
654 4634 713 4701 τούς
735 4632 973 4713 προσποιουμένους

191 4726 260 4801 ὑμᾶς
271 4720 506 4794 ἀποπεπηδηκέναι
517 4720 564 4797 μὲν
576 4724 628 4779 τῶν
642 4720 787 4801 παρόντων,
799 4722 832 4779 δι’
843 4720 931 4800 ἐτέρου
945 4718 971 4777 δέ

151 4831 179 4871 oo
191 4810 332 4893 προσώπου
347 4810 427 4870 πάλιν
443 4808 511 4868 αὐτὰ
524 4808 723 4887 ὑποδυομένους.
764 4807 816 4870 Διά
830 4814 907 4868 τοῦτο
916 4809 973 4865 λαι·

191 4900 300 4980 μάργων
312 4898 359 4959 καί
373 4896 526 4978 παρασίτων
545 4898 590 4956 καί
602 4896 723 4956 κολάκων
741 4896 787 4956 καί
800 4894 971 4972 γυναικοδαύ-

190 4989 243 5047 λων
254 4992 390 5065 πανταχοῦ
404 4985 481 5053 δόξαν
494 4983 675 5061 λαμθάνομεν,
689 4981 729 5042 δτι
738 4982 825 5063 χαμαί
836 4983 883 5055 τλν
899 4982 972 5061 εύγέ·

190 5099 261 5135 νιιαν
284 5074 391 5134 ἀπασαν
417 5073 537 5156 ῥίψαντες
560 5070 608 5143 τὴν
630 5070 726 5132 ἀνωθεν
748 5073 867 5130 δοθεῖσαν
892 5072 970 5148 ἡμῖν,

192 5164 486 5242 ἐντικαταλλαττόμεθα
500 5160 547 5238 τ’λν
570 5160 623 5220 ἀπὸ
637 5164 684 5234 τῆς
705 5165 752 5241 γῆς
767 5158 972 5238 δουλαπρέπειάν

642 374 797 437 contat
819 374 890 436 EOS
910 375 977 450 otti
999 375 1104 438 abab
1124 375 1170 437 su
1191 376 1345 439 unuani

1675 385 1793 464 (mmm

1012 513 1068 564 brea
1076 516 1101 564 et
1117 515 1164 565 ntia
1178 515 1253 580 buius
1262 529 1335 568 senus
1346 516 1421 567 vitiat
1431 519 1559 582 Propterea
1569 526 1594 572 et
1604 521 1637 572 ab
1651 524 1721 576 initio
1737 530 1797 576 bana

1013 607 1138 659 mulierem
1146 609 1194 659 hoc
1204 609 1291 661 robore
1301 611 1414 674 manavit,
1426 613 1502 676 probe
1511 615 1588 666 aciem
1597 616 1664 680 quod
1677 620 1746 670 valde
1755 620 1795 671 de·

1013 703 1134 766 spicabilis
1144 706 1269 764 nascimini
1284 706 1346 756 lianc
1356 709 1524 759 nenessitatem
1543 710 1685 777 induceret,
1696 714 1722 764 et
1735 716 1797 777 quod

1012 797 1094 847 nullus
1108 797 1130 848 cl
1142 798 1325 850 cohabitaturus
1336 803 1408 863 meet,
1421 802 1463 864 qui
1473 803 1672 865 acupiditatibua
1684 811 1747 857 enea
1756 809 1796 857 im·

1012 892 1102 942 munis.
1133 892 1226 943 Namsi
1243 905 1308 943 nunc
1326 894 1435 944 ubitam
1451 898 1626 948 necessarimet
1644 901 1718 950 utiles
1735 906 1798 964 suut,

1012 998 1068 1035 cum
1083 990 1108 1035 et
1126 999 1213 1049 pueros
1227 988 1369 1049 procreant,
1382 990 1408 1038 ct
1425 987 1526 1039 domum
1545 993 1738 1055 custodiunt,at
1753 997 1799 1047 alia

1012 1080 1090 1129 multa
1106 1079 1143 1129 liis
1158 1079 1227 1142 plura
1243 1080 1412 1133 administrant
1426 1101 1433 1133 ι
1445 1083 1465 1132 si
1475 1084 1561 1147 igitur,
1571 1086 1687 1149 inquam,
1699 1103 1756 1139 cum
1768 1091 1799 1140 ita

1012 1172 1070 1222 viris
1085 1173 1235 1236 ministrant,
1247 1187 1312 1237 soepe
1329 1176 1412 1226 umen
1430 1180 1559 1229 contemtu
1575 1183 1648 1242 sunt,
1659 1185 1688 1231 ut
1703 1184 1798 1235 adonio

1012 1266 1147 1328 ejiciantur,
1156 1266 1279 1330 quomodo
1292 1268 1384 1331 abanim
1396 1272 1589 1334 concupiscentia
1602 1274 1673 1324 nobis
1686 1289 1738 1327 esse
1749 1291 1800 1339 pos

1012 1364 1070 1411 siant
1082 1361 1190 1424 dilectas,
1207 1364 1413 1428 praesentesque
1429 1377 1472 1416 roa
1483 1368 1520 1416 tot
1537 1368 1674 1430 opprobriis
1684 1377 1801 1422 onerem?

1013 1454 1057 1504 vel
1072 1467 1128 1517 ergo
1141 1467 1239 1505 causam
1252 1456 1436 1509 cohabitationis
1455 1458 1536 1522 dicite,
1554 1461 1592 1511 vel
1615 1463 1710 1514 nullam
1729 1465 1800 1515 aliam

1013 1550 1129 1612 suspicari
1138 1563 1243 1612 ammae,
1250 1564 1325 1615 quam
1336 1553 1425 1603 malam
1434 1531 1657 1618 concupiscentiam
1662 1561 1688 1609 ct
1697 1560 1798 1622 ignom·

1014 1642 1106 1693 niueam
1118 1644 1278 1707 voluptatem.

1044 1744 1067 1787 o.
1078 1738 1141 1797 Quid
1150 1738 1254 1804 igitur‚si
1264 1740 1403 1804 poterimus,
1411 1743 1558 1806 ait,causam
1565 1745 1655 1809 jusum
1665 1751 1690 1801 et
1699 1750 1802 1803 mtioua·

1013 1837 1085 1888 bilem
1095 1837 1186 1900 dicere,
1198 1852 1228 1889 au
1238 1842 1293 1890 tum
1305 1842 1395 1892 trustra
1403 1842 1458 1893 hnc
1468 1843 1573 1896 dixeris?
1587 1849 1694 1899 ltaxime
1703 1851 1801 1913 quidem

1013 1937 1105 1987 nullam
1117 1937 1190 1988 talem
1200 1938 1298 2002 dicetis,
1310 1943 1479 1993 verumtamen
1488 1943 1535 1994 hac
1548 1945 1620 1995 etiam
1642 1949 1736 2000 ratione
1749 1953 1802 2001 aet·

1014 2041 1061 2091 lem
1075 2041 1179 2102 ducere,
1192 2054 1224 2091 au
1240 2042 1279 2092 vel
1290 2042 1402 2092 umbram
1419 2044 1525 2107 aliquam
1542 2046 1600 2108 justi
1617 2053 1753 2111 protentos
1764 2053 1801 2102 di·

1014 2152 1069 2190 cere
1079 2141 1181 2203 possitis.
1214 2141 1344 2194 Defensorc
1355 2146 1430 2207 caret,
1439 2145 1482 2207 aii,
1492 2146 1570 2210 uirgo,
1580 2161 1660 2212 neque
1669 2150 1750 2200 auum
1762 2152 1803 2201 ha·

1014 2240 1064 2303 bet,
1074 2254 1153 2305 neque
1162 2243 1282 2305 tutorem,
1291 2256 1356 2306 saepe
1365 2244 1423 2294 item
1432 2258 1511 2308 noque
1521 2250 1622 2310 patrem,
1631 2262 1678 2300 ncc
1690 2252 1803 2316 tratrem

1014 2340 1104 2404 indiget
1115 2342 1211 2405 aliquo,
1225 2342 1300 2406 quiet
1312 2357 1412 2395 manum
1421 2345 1543 2410 prebeat,
1553 2351 1578 2399 et
1589 2350 1706 2403 solitariae
1715 2366 1803 2404 ιιιιετο-

1015 2451 1066 2489 rem
1077 2440 1223 2502 consolatur,
1235 2442 1260 2491 et
1272 2441 1363 2505 ubique
1373 2456 1400 2494 se
1408 2457 1452 2507 pro
1461 2457 1489 2493 aa
1498 2450 1603 2508 opponat
1614 2448 1769 2512 adversariis,
1779 2454 1804 2501 at

1015 2538 1092 2602 ipsam
1103 2540 1128 2589 in
1139 2540 1270 2591 securitate
1279 2545 1304 2592 at
1315 2544 1387 2605 portu
1397 2545 1534 2594 constituat
1565 2550 1645 2605 Quam
1656 2550 1684 2597 tu
1696 2549 1756 2599 mibi
1767 2563 1804 2601 se·

1015 2640 1151 2701 οιιιίῖαιοια,
1161 2652 1258 2703 qumso,
1268 2654 1341 2704 quein
1352 2644 1449 2704 portum
1458 2647 1557 2694 narras?
1568 2648 1654 2696 Ροηθι
1663 2649 1733 2698 enim
1747 2663 1804 2713 pro-

1015 2741 1178 2804 pugnaculum
1197 2740 1269 2791 video
1289 2755 1338 2791 non
1357 2754 1441 2792 arcena
1460 2743 1557 2806 lluctus,
1572 2746 1614 2796 aed
1631 2750 1760 2812 excitans,
1780 2754 1805 2802 ct

1015 2844 1112 2905 portum
1128 2856 1177 2892 non
1188 2843 1387 2906 comprimentem
1403 2846 1574 2910 tempestales,
1586 2848 1628 2899 sed
1644 2863 1733 2912 mares
1747 2866 1804 2915 que

1015 2954 1064 2991 non
1075 2940 1176 2992 aderant
1187 2944 1324 2993 moventem
1337 2945 1462 3007 procellas.
1496 2948 1549 2996 tion
1560 2947 1746 3014 contrudimini,
1756 2967 1804 3003 non

1016 3044 1099 3095 vultus
1113 3051 1206 3095 vestros
1221 3045 1346 3110 obtegitia,
1363 3048 1422 3098 dum
1434 3049 1497 3100 hauc
1512 3050 1676 3104 deienslomm
1694 3056 1804 3108 mierthl

1015 3147 1104 3199 tiamsi
1115 3161 1146 3199 ex
1153 3148 1200 3199 hoc
1210 3148 1341 3200 αιίιιλιῖατῖο
1349 3164 1427 3214 neque
1434 3152 1499 3203 mala
1506 3154 1578 3216 tama,
1587 3157 1805 3220 nequedamnum,

1016 3257 1095 3308 neque
1105 3244 1244 3295 καταθεῖναι
1257 3248 1404 3309 maceretur,
1414 3247 1456 3297 aed
1469 3247 1533 3297 lama
1548 3247 1628 3299 adhuc
1641 3250 1711 3300 satra
1722 3253 1805 3304 liceret

1017 3337 1081 3387 istud
1093 3337 1171 3401 ipsum
1186 3338 1280 3401 lacera,
1290 3353 1321 3389 an
1333 3353 1382 3389 non
1398 3339 1530 3390 admodum
1547 3342 1627 3392 iuberi
1639 3345 1734 3404 caseus
1745 3347 1804 3409 qui,

1016 3434 1075 3485 dum
1084 3435 1180 3487 divitias
1191 3436 1243 3498 ejus
1259 3438 1351 3500 augetis
1362 3440 1387 3488 et
1397 3437 1428 3487 ad
1440 3439 1596 3501 pecuniarum
1608 3453 1716 3491 unorem
1736 3443 1804 3492 illam

1016 3532 1146 3592 exercetis,
1158 3531 1184 3582 in
1195 3533 1290 3595 negotia
1304 3532 1422 3594 conjicitis
1432 3535 1457 3583 et
1467 3533 1498 3583 ad
1508 3533 1642 3586 mundanas
1653 3549 1725 3587 curas
1736 3538 1805 3589 lusti·

1016 3625 1093 3687 tuitls,
1105 3637 1301 3685 oeconomorum,
1311 3629 1451 3676 curatorum
1461 3628 1486 3676 et
1496 3626 1624 3677 forensium
1637 3629 1718 3679 oiticia
1726 3630 1805 3680 adira·

1017 3723 1207 3774 tislsanetnon
1214 3723 1278 3773 enim
1285 3724 1394 3787 poteritis
1402 3723 1432 3773 de
1440 3725 1579 3787 paupertate
1586 3724 1806 3789 ducrereacper·

1017 3816 1119 3867 suadere
1130 3818 1158 3866 ut
1174 3816 1301 3866 facultates
1315 3819 1509 3874 contemnantur,
1524 3818 1565 3880 qui
1584 3819 1664 3868 omnia
1679 3819 1758 3870 tacitis
1778 3824 1806 3872 ut

1018 3909 1144 3960 facultates
1162 3912 1275 3959 maneant
1292 3912 1317 3959 et
1334 3912 1479 3972 augeantur,
1491 3913 1519 3960 ut
1537 3911 1623 3973 opibus
1640 3925 1698 3975 opes
1719 3926 1805 3964 accro-

1018 4009 1101 4067 scaut,
1125 4007 1246 4057 institores
1269 4004 1366 4070 quidam
1392 4009 1417 4055 at
1433 4009 1609 4069 permutatores
1626 4012 1725 4072 propter
1749 4010 1806 4061 illas

1018 4104 1084 4162 iacti,
1096 4101 1191 4152 inutiles
1203 4100 1316 4163 quidem:
1328 4114 1376 4149 non
1388 4100 1453 4149 enim
1465 4103 1546 4150 vestra
1557 4114 1654 4164 quoque
1670 4116 1724 4165 apsa
1736 4104 1804 4166 inge·

1018 4213 1074 4249 uua.
1114 4200 1175 4248 Nam
1195 4210 1252 4246 cum
1273 4195 1332 4258 jussi
1351 4194 1443 4245 lueritis
1459 4198 1554 4258 portare
1572 4210 1669 4246 amcam
1686 4198 1712 4247 et
1735 4199 1804 4261 seqlui

1018 4295 1155 4355 christum,
1175 4292 1268 4354 abjecta
1286 4304 1372 4351 cruce,
1390 4291 1459 4354 quasi
1478 4292 1609 4341 attaminati
1626 4292 1715 4342 milites
1734 4299 1806 4344 εαιιιο

1018 4389 1138 4453 proiecto,
1151 4387 1181 4436 ad
1196 4387 1277 4436 colum
1289 4388 1313 4436 et
1325 4385 1446 4442 calathum
1462 4386 1597 4448 considetis,
1608 4399 1650 4449 per
1665 4386 1738 4436 aliam
1750 4390 1805 4438 tur·

1019 4490 1109 4553 piorem
1120 4484 1263 4536 methodum
1273 4484 1388 4547 apertain
1397 4483 1540 4545 praesentem
1551 4479 1626 4530 vitam
1636 4485 1718 4542 lanua.
1750 4484 1805 4532 tlon

1018 4585 1081 4636 enlm
1095 4587 1144 4635 tam
1158 4586 1228 4645 turpe
1237 4583 1274 4632 ast
1283 4579 1376 4643 eosqui
1388 4580 1412 4628 iu
1428 4578 1582 4628 matrimonio
1593 4580 1649 4627 suut
1658 4579 1711 4627 haec
1725 4579 1805 4629 admi·

1019 4680 1132 4742 nistrare,
1141 4692 1215 4742 quana
1224 4678 1316 4740 eosqui
1325 4675 1442 4726 simulatis
1452 4688 1496 4724 vos
1505 4674 1614 4724 resiliisse
1623 4687 1637 4723 a
1647 4677 1805 4738 praeentiam

1019 4774 1405 4836 rerumcuris,subaliapersoua
1418 4772 1506 4821 iterum
1516 4770 1710 4822 easdemsubire.
1746 4775 1804 4822 Pro·

1018 4878 1099 4938 pterea
1111 4872 1282 4923 lielluonumet
1293 4869 1446 4918 adulatomm
1456 4870 1481 4919 et
1492 4866 1652 4929 parasitorum
1662 4872 1687 4918 ct
1696 4868 1804 4918 mulieri-

1019 4972 1063 5021 bus
1074 4968 1229 5021 sevientium
1241 4967 1332 5029 ubique
1344 4965 1433 5015 lamam
1445 4965 1599 5028 suscipimus,
1607 4964 1803 5027 quandoquidem

1018 5068 1138 5131 aliieetnua
1149 5079 1246 5116 omnem
1261 5064 1446 5128 generositatem
1458 5060 1527 5111 nohis
1540 5074 1644 5125 superne
1653 5060 1735 5110 daiam
1746 5075 1803 5109 cum

1018 5163 1289 5218 sanititatectvilitate
1298 5161 1589 5214 mrrenucommutamus.
1623 5157 1804 5222 Etiiduisqui-
