<?xml version="1.0" encoding="UTF-8"?>
<!DOCTYPE html PUBLIC "-//W3C//DTD XHTML 1.0 Transitional//EN"
    "http://www.w3.org/TR/xhtml1/DTD/xhtml1-transitional.dtd">
<html xmlns="http://www.w3.org/1999/xhtml" xml:lang="en" lang="en">
 <head>
  <title>
</title>
<meta http-equiv="Content-Type" content="text/html;charset=utf-8" />
  <meta name='ocr-system' content='tesseract 3.04.00' />
  <meta name='ocr-capabilities' content='ocr_page ocr_carea ocr_par ocr_line ocrx_word'/>
</head>
<body>
  <div class='ocr_page' id='page_1' title='image "./sanctijoannisch00dbgoog/sanctijoannisch00dbgoog_0496.png"; bbox 0 0 3892 5867; ppageno 0'>
   <div class='ocr_carea' id='block_1_1' title="bbox 229 399 288 452">
    <p class='ocr_par' dir='ltr' id='par_1_1' title="bbox 229 399 288 452">
     <span class='ocr_line' id='line_1_1' title="bbox 229 399 288 452; baseline -0.034 0"><span class='ocrx_word' id='word_1_1' title='bbox 229 399 288 452; x_wconf 78' lang='grc'><strong>464</strong></span> 
     </span>
    </p>
   </div>
   <div class='ocr_carea' id='block_1_2' title="bbox 165 517 1008 1293">
    <p class='ocr_par' dir='ltr' id='par_1_2' title="bbox 165 517 1008 1293">
     <span class='ocr_line' id='line_1_2' title="bbox 218 517 1005 601; baseline 0.001 -22"><span class='ocrx_word' id='word_1_2' title='bbox 218 521 290 601; x_wconf 75' lang='grc' dir='ltr'><strong>’περὶ</strong></span> <span class='ocrx_word' id='word_1_3' title='bbox 311 520 462 592; x_wconf 75' lang='grc' dir='ltr'>διαθηκῶν,</span> <span class='ocrx_word' id='word_1_4' title='bbox 484 517 544 597; x_wconf 77' lang='grc' dir='ltr'><strong>περὶ</strong></span> <span class='ocrx_word' id='word_1_5' title='bbox 566 522 811 597; x_wconf 75' lang='grc' dir='ltr'><strong>παρακαταθηκῶν,</strong></span> <span class='ocrx_word' id='word_1_6' title='bbox 827 520 887 598; x_wconf 84' lang='grc' dir='ltr'><strong>περλ</strong></span> <span class='ocrx_word' id='word_1_7' title='bbox 902 528 948 580; x_wconf 91' lang='grc' dir='ltr'><strong>τοῦ</strong></span> <span class='ocrx_word' id='word_1_8' title='bbox 966 522 1005 598; x_wconf 76' lang='grc' dir='ltr'><strong>μή</strong></span> 
     </span>
     <span class='ocr_line' id='line_1_3' title="bbox 228 605 1007 687; baseline 0.001 -22"><span class='ocrx_word' id='word_1_9' title='bbox 228 607 391 667; x_wconf 80' lang='grc' dir='ltr'><strong>πλεονεκτεῖν</strong></span> <span class='ocrx_word' id='word_1_10' title='bbox 415 606 558 679; x_wconf 79' lang='grc' dir='ltr'>ἀλλήλους,</span> <span class='ocrx_word' id='word_1_11' title='bbox 582 606 641 683; x_wconf 80' lang='grc' dir='ltr'><strong>περί</strong></span> <span class='ocrx_word' id='word_1_12' title='bbox 664 605 764 684; x_wconf 82' lang='grc' dir='ltr'>μυρίων</span> <span class='ocrx_word' id='word_1_13' title='bbox 794 607 889 687; x_wconf 73' lang='grc' dir='ltr'><strong>ἐτέρων</strong></span> <span class='ocrx_word' id='word_1_14' title='bbox 914 607 1007 685; x_wconf 88' lang='grc' dir='ltr'><strong>νόμους</strong></span> 
     </span>
     <span class='ocr_line' id='line_1_4' title="bbox 229 685 1007 775; baseline 0.001 -23"><span class='ocrx_word' id='word_1_15' title='bbox 229 695 346 774; x_wconf 71' lang='grc' dir='ltr'><strong>ἔγραψαν</strong></span> <span class='ocrx_word' id='word_1_16' title='bbox 364 696 388 752; x_wconf 78' lang='grc' dir='ltr'><strong>οἱ</strong></span> <span class='ocrx_word' id='word_1_17' title='bbox 401 694 462 772; x_wconf 87' lang='grc' dir='ltr'><strong>παρ’</strong></span> <span class='ocrx_word' id='word_1_18' title='bbox 480 693 566 759; x_wconf 81' lang='grc' dir='ltr'><strong>αὐτοῖς</strong></span> <span class='ocrx_word' id='word_1_19' title='bbox 580 694 733 767; x_wconf 78' lang='grc' dir='ltr'><strong>νομοθέταις</strong></span> <span class='ocrx_word' id='word_1_20' title='bbox 747 685 830 754; x_wconf 80' lang='grc' dir='ltr'><strong>Οῦτοι</strong></span> <span class='ocrx_word' id='word_1_21' title='bbox 845 693 892 770; x_wconf 74' lang='grc' dir='ltr'><strong>μέν</strong></span> <span class='ocrx_word' id='word_1_22' title='bbox 908 694 960 775; x_wconf 87' lang='grc' dir='ltr'><strong>γθιρ</strong></span> <span class='ocrx_word' id='word_1_23' title='bbox 982 698 1007 753; x_wconf 81' lang='grc' dir='ltr'><strong>οἱ</strong></span> 
     </span>
     <span class='ocr_line' id='line_1_5' title="bbox 165 778 1006 861; baseline 0.001 -23"><span class='ocrx_word' id='word_1_24' title='bbox 165 778 166 781; x_wconf 31' lang='grc'><strong>“</strong></span> <span class='ocrx_word' id='word_1_25' title='bbox 229 786 272 838; x_wconf 93' lang='grc' dir='ltr'><strong>νῦν</strong></span> <span class='ocrx_word' id='word_1_26' title='bbox 287 780 350 847; x_wconf 81' lang='grc' dir='ltr'><strong>ἴσοις</strong></span> <span class='ocrx_word' id='word_1_27' title='bbox 368 778 441 859; x_wconf 83' lang='grc' dir='ltr'><strong>παρδ</strong></span> <span class='ocrx_word' id='word_1_28' title='bbox 457 782 509 836; x_wconf 86' lang='grc' dir='ltr'><strong>τῶν</strong></span> <span class='ocrx_word' id='word_1_29' title='bbox 521 779 631 857; x_wconf 84' lang='grc' dir='ltr'><strong>πρώτων</strong></span> <span class='ocrx_word' id='word_1_30' title='bbox 647 779 758 857; x_wconf 81' lang='grc' dir='ltr'><strong>ἔμαθον,</strong></span> <span class='ocrx_word' id='word_1_31' title='bbox 771 780 816 839; x_wconf 80' lang='grc' dir='ltr'><strong>καί</strong></span> <span class='ocrx_word' id='word_1_32' title='bbox 829 782 921 840; x_wconf 74' lang='grc' dir='ltr'><strong>ἐκεῖνοι</strong></span> <span class='ocrx_word' id='word_1_33' title='bbox 933 780 1006 861; x_wconf 81' lang='grc' dir='ltr'><strong>πορθ</strong></span> 
     </span>
     <span class='ocr_line' id='line_1_6' title="bbox 202 858 1005 946; baseline 0.004 -24"><span class='ocrx_word' id='word_1_34' title='bbox 202 885 216 922; x_wconf 80' lang='grc' dir='ltr'><strong>ι</strong></span> <span class='ocrx_word' id='word_1_35' title='bbox 229 872 281 926; x_wconf 90' lang='grc' dir='ltr'><strong>τῶν</strong></span> <span class='ocrx_word' id='word_1_36' title='bbox 295 867 443 946; x_wconf 85' lang='grc' dir='ltr'><strong>προτέρων,</strong></span> <span class='ocrx_word' id='word_1_37' title='bbox 455 865 501 924; x_wconf 80' lang='grc' dir='ltr'><strong>καὶ</strong></span> <span class='ocrx_word' id='word_1_38' title='bbox 515 866 587 945; x_wconf 77' lang='grc' dir='ltr'><strong>παρὰ</strong></span> <span class='ocrx_word' id='word_1_39' title='bbox 602 869 653 924; x_wconf 88' lang='grc' dir='ltr'><strong>τῶν</strong></span> <span class='ocrx_word' id='word_1_40' title='bbox 667 866 720 924; x_wconf 83' lang='grc' dir='ltr'><strong>ἀνω</strong></span> <span class='ocrx_word' id='word_1_41' title='bbox 735 867 815 926; x_wconf 84' lang='grc' dir='ltr'><strong>πόλιν</strong></span> <span class='ocrx_word' id='word_1_42' title='bbox 837 858 921 926; x_wconf 80' lang='grc' dir='ltr'><strong>οῦτοι·</strong></span> <span class='ocrx_word' id='word_1_43' title='bbox 939 871 963 926; x_wconf 79' lang='lat' dir='ltr'><strong>ot</strong></span> <span class='ocrx_word' id='word_1_44' title='bbox 978 868 1005 925; x_wconf 80' lang='grc' dir='ltr'><strong>δέ</strong></span> 
     </span>
     <span class='ocr_line' id='line_1_7' title="bbox 228 952 1007 1034; baseline -0.003 -21"><span class='ocrx_word' id='word_1_45' title='bbox 228 952 254 1022; x_wconf 77' lang='grc' dir='ltr'><strong>ἐξ</strong></span> <span class='ocrx_word' id='word_1_46' title='bbox 269 956 351 1032; x_wconf 68' lang='grc' dir='ltr'><strong>ἀρχῆς</strong></span> <span class='ocrx_word' id='word_1_47' title='bbox 364 952 410 1012; x_wconf 76' lang='grc' dir='ltr'><strong>καὶ</strong></span> <span class='ocrx_word' id='word_1_48' title='bbox 423 956 522 1033; x_wconf 87' lang='grc' dir='ltr'><strong>πρῶτοι</strong></span> <span class='ocrx_word' id='word_1_49' title='bbox 538 956 601 1030; x_wconf 90' lang='grc' dir='ltr'><strong>παρ’</strong></span> <span class='ocrx_word' id='word_1_50' title='bbox 616 954 702 1019; x_wconf 78' lang='grc' dir='ltr'><strong>αὐτοῖς</strong></span> <span class='ocrx_word' id='word_1_51' title='bbox 715 953 809 1030; x_wconf 84' lang='grc' dir='ltr'><strong>νόμους</strong></span> <span class='ocrx_word' id='word_1_52' title='bbox 820 955 918 1025; x_wconf 80' lang='grc' dir='ltr'><strong>θέντες,</strong></span> <span class='ocrx_word' id='word_1_53' title='bbox 932 954 1007 1034; x_wconf 80' lang='grc' dir='ltr'><strong>παρά</strong></span> 
     </span>
     <span class='ocr_line' id='line_1_8' title="bbox 228 1038 1007 1120; baseline 0.003 -23"><span class='ocrx_word' id='word_1_54' title='bbox 228 1039 295 1107; x_wconf 89' lang='grc' dir='ltr'><strong>τίνος</strong></span> <span class='ocrx_word' id='word_1_55' title='bbox 308 1038 419 1117; x_wconf 79' lang='grc' dir='ltr'><strong>έμαθον;</strong></span> <span class='ocrx_word' id='word_1_56' title='bbox 432 1043 479 1099; x_wconf 90' lang='grc' dir='ltr'><strong>οῦκ</strong></span> <span class='ocrx_word' id='word_1_57' title='bbox 493 1040 599 1110; x_wconf 79' lang='grc' dir='ltr'><strong>εὔδηλον</strong></span> <span class='ocrx_word' id='word_1_58' title='bbox 614 1039 653 1098; x_wconf 82' lang='grc' dir='ltr'><strong>ότι</strong></span> <span class='ocrx_word' id='word_1_59' title='bbox 665 1039 738 1120; x_wconf 84' lang='grc' dir='ltr'><strong>παρά</strong></span> <span class='ocrx_word' id='word_1_60' title='bbox 750 1046 796 1100; x_wconf 89' lang='grc' dir='ltr'><strong>τοῦ</strong></span> <span class='ocrx_word' id='word_1_61' title='bbox 807 1041 965 1113; x_wconf 73' lang='grc' dir='ltr'><strong>συνειδότοςς</strong></span> <span class='ocrx_word' id='word_1_62' title='bbox 978 1044 1007 1099; x_wconf 87' lang='grc' dir='ltr'><strong>οῦ</strong></span> 
     </span>
     <span class='ocr_line' id='line_1_9' title="bbox 228 1125 1008 1206; baseline -0.004 -17"><span class='ocrx_word' id='word_1_63' title='bbox 228 1129 279 1206; x_wconf 81' lang='grc' dir='ltr'><strong>γδιρ</strong></span> <span class='ocrx_word' id='word_1_64' title='bbox 300 1127 331 1186; x_wconf 82' lang='grc' dir='ltr'><strong>ἀν</strong></span> <span class='ocrx_word' id='word_1_65' title='bbox 359 1126 446 1206; x_wconf 78' lang='grc' dir='ltr'><strong>ἔχοιεν</strong></span> <span class='ocrx_word' id='word_1_66' title='bbox 470 1131 552 1185; x_wconf 81' lang='grc' dir='ltr'><strong>εἰπεῖν</strong></span> <span class='ocrx_word' id='word_1_67' title='bbox 572 1125 612 1185; x_wconf 84' lang='grc' dir='ltr'><strong>ότι</strong></span> <span class='ocrx_word' id='word_1_68' title='bbox 633 1128 742 1187; x_wconf 58' lang='lat' dir='ltr'><strong>diuitiae?</strong></span> <span class='ocrx_word' id='word_1_69' title='bbox 766 1128 944 1206; x_wconf 86' lang='grc' dir='ltr'><strong>συνεγένοντο,</strong></span> <span class='ocrx_word' id='word_1_70' title='bbox 967 1129 1008 1187; x_wconf 84' lang='grc' dir='ltr'><strong>ὅτι</strong></span> 
     </span>
     <span class='ocr_line' id='line_1_10' title="bbox 228 1212 1007 1293; baseline 0.003 -22"><span class='ocrx_word' id='word_1_71' title='bbox 228 1217 367 1293; x_wconf 84' lang='grc' dir='ltr'><strong>προρητῶν</strong></span> <span class='ocrx_word' id='word_1_72' title='bbox 392 1214 523 1285; x_wconf 85' lang='grc' dir='ltr'><strong>ἤκουσαν·</strong></span> <span class='ocrx_word' id='word_1_73' title='bbox 538 1217 595 1279; x_wconf 87' lang='grc' dir='ltr'><strong>πῶς</strong></span> <span class='ocrx_word' id='word_1_74' title='bbox 615 1213 666 1292; x_wconf 85' lang='grc' dir='ltr'><strong>γθρ</strong></span> <span class='ocrx_word' id='word_1_75' title='bbox 685 1212 815 1284; x_wconf 81' lang='grc' dir='ltr'><strong>Ἕλληνες</strong></span> <span class='ocrx_word' id='word_1_76' title='bbox 837 1215 923 1286; x_wconf 75' lang='grc' dir='ltr'><strong>όντεςς</strong></span> <span class='ocrx_word' id='word_1_77' title='bbox 939 1216 1007 1274; x_wconf 81' lang='grc' dir='ltr'><strong>Ἀλλ’</strong></span> 
     </span>
    </p>
   </div>
   <div class='ocr_carea' id='block_1_3' title="bbox 190 1298 1013 1379">
    <p class='ocr_par' dir='ltr' id='par_1_3' title="bbox 190 1298 1013 1379">
     <span class='ocr_line' id='line_1_11' title="bbox 190 1298 1013 1379; baseline 0.001 -23"><span class='ocrx_word' id='word_1_78' title='bbox 190 1317 216 1356; x_wconf 85' lang='grc' dir='ltr'><strong>ιο</strong></span> <span class='ocrx_word' id='word_1_79' title='bbox 229 1301 335 1374; x_wconf 83' lang='grc' dir='ltr'><strong>εὔδηλον</strong></span> <span class='ocrx_word' id='word_1_80' title='bbox 353 1299 393 1360; x_wconf 80' lang='grc' dir='ltr'><strong>ότι</strong></span> <span class='ocrx_word' id='word_1_81' title='bbox 408 1300 459 1358; x_wconf 80' lang='grc' dir='ltr'><strong>ἀπὸ</strong></span> <span class='ocrx_word' id='word_1_82' title='bbox 474 1308 519 1360; x_wconf 87' lang='grc' dir='ltr'><strong>τοῦ</strong></span> <span class='ocrx_word' id='word_1_83' title='bbox 534 1301 613 1376; x_wconf 85' lang='grc' dir='ltr'><strong>νόμου</strong></span> <span class='ocrx_word' id='word_1_84' title='bbox 632 1298 660 1357; x_wconf 86' lang='grc' dir='ltr'><strong>ὃν</strong></span> <span class='ocrx_word' id='word_1_85' title='bbox 679 1299 798 1370; x_wconf 83' lang='grc' dir='ltr'><strong>έθηκενό</strong></span> <span class='ocrx_word' id='word_1_86' title='bbox 818 1301 884 1366; x_wconf 82' lang='grc' dir='ltr'><strong>Θεὸς</strong></span> <span class='ocrx_word' id='word_1_87' title='bbox 898 1305 935 1379; x_wconf 84' lang='grc' dir='ltr'><strong>τῷ</strong></span> <span class='ocrx_word' id='word_1_88' title='bbox 958 1304 1013 1358; x_wconf 81' lang='grc' dir='ltr'><strong>ἀν·-</strong></span> 
     </span>
    </p>
   </div>
   <div class='ocr_carea' id='block_1_4' title="bbox 157 1385 1008 5217">
    <p class='ocr_par' dir='ltr' id='par_1_4' title="bbox 165 1385 1005 1728">
     <span class='ocr_line' id='line_1_12' title="bbox 165 1385 1005 1471; baseline -0.001 -25"><span class='ocrx_word' id='word_1_89' title='bbox 165 1460 173 1471; x_wconf 38' lang='grc' dir='ltr'>ι</span> <span class='ocrx_word' id='word_1_90' title='bbox 229 1386 325 1468; x_wconf 84' lang='grc' dir='ltr'><strong>θρώπῳ</strong></span> <span class='ocrx_word' id='word_1_91' title='bbox 340 1385 367 1455; x_wconf 76' lang='grc' dir='ltr'><strong>ἐξ</strong></span> <span class='ocrx_word' id='word_1_92' title='bbox 381 1389 465 1466; x_wconf 77' lang='grc' dir='ltr'><strong>ἀρχῆς</strong></span> <span class='ocrx_word' id='word_1_93' title='bbox 480 1385 558 1444; x_wconf 82' lang='grc' dir='ltr'><strong>αὐτὸν</strong></span> <span class='ocrx_word' id='word_1_94' title='bbox 574 1386 713 1461; x_wconf 79' lang='grc' dir='ltr'><strong>πλάττων,</strong></span> <span class='ocrx_word' id='word_1_95' title='bbox 725 1388 778 1446; x_wconf 81' lang='grc' dir='ltr'><strong>ἀπὸ</strong></span> <span class='ocrx_word' id='word_1_96' title='bbox 794 1388 887 1446; x_wconf 84' lang='grc' dir='ltr'><strong>τούτου</strong></span> <span class='ocrx_word' id='word_1_97' title='bbox 903 1391 948 1445; x_wconf 85' lang='grc' dir='ltr'><strong>καὶ</strong></span> <span class='ocrx_word' id='word_1_98' title='bbox 962 1387 1005 1445; x_wconf 90' lang='grc' dir='ltr'><strong>νό-</strong></span> 
     </span>
     <span class='ocr_line' id='line_1_13' title="bbox 229 1471 1003 1551; baseline 0.003 -19"><span class='ocrx_word' id='word_1_99' title='bbox 229 1498 291 1550; x_wconf 91' lang='grc' dir='ltr'><strong>μους</strong></span> <span class='ocrx_word' id='word_1_100' title='bbox 301 1477 409 1545; x_wconf 77' lang='grc' dir='ltr'><strong>ἔθηκαν,</strong></span> <span class='ocrx_word' id='word_1_101' title='bbox 422 1472 467 1531; x_wconf 79' lang='grc' dir='ltr'><strong>καὶ</strong></span> <span class='ocrx_word' id='word_1_102' title='bbox 476 1473 569 1549; x_wconf 78' lang='grc' dir='ltr'><strong>τέχνας</strong></span> <span class='ocrx_word' id='word_1_103' title='bbox 583 1471 709 1551; x_wconf 81' lang='grc' dir='ltr'><strong>εῦραντο,</strong></span> <span class='ocrx_word' id='word_1_104' title='bbox 725 1473 769 1531; x_wconf 78' lang='grc' dir='ltr'><strong>καὶ</strong></span> <span class='ocrx_word' id='word_1_105' title='bbox 780 1475 812 1532; x_wconf 82' lang='grc' dir='ltr'><strong>τὰ</strong></span> <span class='ocrx_word' id='word_1_106' title='bbox 823 1476 891 1533; x_wconf 84' lang='grc' dir='ltr'><strong>ἀλλα</strong></span> <span class='ocrx_word' id='word_1_107' title='bbox 906 1475 1003 1534; x_wconf 74' lang='grc' dir='ltr'><strong>πάντα.</strong></span> 
     </span>
     <span class='ocr_line' id='line_1_14' title="bbox 229 1560 1005 1641; baseline -0.005 -19"><span class='ocrx_word' id='word_1_108' title='bbox 229 1562 284 1622; x_wconf 80' lang='grc' dir='ltr'><strong>Καί</strong></span> <span class='ocrx_word' id='word_1_109' title='bbox 297 1561 349 1640; x_wconf 81' lang='grc' dir='ltr'><strong>γάρ</strong></span> <span class='ocrx_word' id='word_1_110' title='bbox 365 1560 410 1619; x_wconf 84' lang='grc' dir='ltr'><strong>καλ</strong></span> <span class='ocrx_word' id='word_1_111' title='bbox 423 1563 450 1617; x_wconf 80' lang='grc' dir='ltr'><strong>αἱ</strong></span> <span class='ocrx_word' id='word_1_112' title='bbox 470 1560 562 1638; x_wconf 79' lang='grc' dir='ltr'><strong>τέχναι</strong></span> <span class='ocrx_word' id='word_1_113' title='bbox 581 1560 649 1619; x_wconf 79' lang='grc' dir='ltr'><strong>οὕτω</strong></span> <span class='ocrx_word' id='word_1_114' title='bbox 666 1560 840 1633; x_wconf 84' lang='grc' dir='ltr'><strong>συνέστησαν,</strong></span> <span class='ocrx_word' id='word_1_115' title='bbox 853 1566 906 1620; x_wconf 90' lang='grc' dir='ltr'><strong>τῶν</strong></span> <span class='ocrx_word' id='word_1_116' title='bbox 918 1562 943 1629; x_wconf 77' lang='grc' dir='ltr'><strong>ἐξ</strong></span> <span class='ocrx_word' id='word_1_117' title='bbox 958 1564 1005 1641; x_wconf 82' lang='grc' dir='ltr'><strong>ἀρ·</strong></span> 
     </span>
     <span class='ocr_line' id='line_1_15' title="bbox 227 1646 1005 1728; baseline -0.001 -21"><span class='ocrx_word' id='word_1_118' title='bbox 227 1655 277 1728; x_wconf 75' lang='grc' dir='ltr'><strong>χῆς</strong></span> <span class='ocrx_word' id='word_1_119' title='bbox 300 1649 491 1715; x_wconf 84' lang='grc' dir='ltr'><strong>αῦτοδιδάκτως</strong></span> <span class='ocrx_word' id='word_1_120' title='bbox 510 1647 552 1705; x_wconf 79' lang='grc' dir='ltr'><strong>ἐπ’</strong></span> <span class='ocrx_word' id='word_1_121' title='bbox 568 1646 646 1713; x_wconf 79' lang='grc' dir='ltr'><strong>αῦτλς</strong></span> <span class='ocrx_word' id='word_1_122' title='bbox 662 1648 799 1707; x_wconf 72' lang='grc' dir='ltr'><strong>ἐλθόντων·</strong></span> <span class='ocrx_word' id='word_1_123' title='bbox 816 1649 883 1708; x_wconf 86' lang='grc' dir='ltr'><strong>οῦτω</strong></span> <span class='ocrx_word' id='word_1_124' title='bbox 902 1650 946 1706; x_wconf 83' lang='grc' dir='ltr'><strong>καὶ</strong></span> <span class='ocrx_word' id='word_1_125' title='bbox 967 1651 1005 1707; x_wconf 89' lang='grc' dir='ltr'><strong>δι·</strong></span> 
     </span>
    </p>

    <p class='ocr_par' dir='ltr' id='par_1_5' title="bbox 190 1733 1007 2164">
     <span class='ocr_line' id='line_1_16' title="bbox 190 1733 1006 1815; baseline -0.001 -22"><span class='ocrx_word' id='word_1_126' title='bbox 190 1758 216 1798; x_wconf 84' lang='grc' dir='ltr'><strong>ιιι</strong></span> <span class='ocrx_word' id='word_1_127' title='bbox 229 1737 358 1815; x_wconf 90' lang='grc' dir='ltr'><strong>καστήρια</strong></span> <span class='ocrx_word' id='word_1_128' title='bbox 372 1735 495 1814; x_wconf 88' lang='grc' dir='ltr'><strong>γέγονεν,</strong></span> <span class='ocrx_word' id='word_1_129' title='bbox 507 1733 574 1793; x_wconf 72' lang='lat' dir='ltr'><strong>otro</strong></span> <span class='ocrx_word' id='word_1_130' title='bbox 583 1734 629 1792; x_wconf 77' lang='grc' dir='ltr'><strong>καὶ</strong></span> <span class='ocrx_word' id='word_1_131' title='bbox 643 1735 761 1802; x_wconf 81' lang='grc' dir='ltr'><strong>κολάσεις</strong></span> <span class='ocrx_word' id='word_1_132' title='bbox 772 1736 933 1812; x_wconf 82' lang='grc' dir='ltr'><strong>ὡρίσθησαν,</strong></span> <span class='ocrx_word' id='word_1_133' title='bbox 942 1734 1006 1814; x_wconf 85' lang='grc' dir='ltr'><strong>όπερ</strong></span> 
     </span>
     <span class='ocr_line' id='line_1_17' title="bbox 229 1814 1007 1904; baseline -0.001 -22"><span class='ocrx_word' id='word_1_134' title='bbox 229 1814 273 1882; x_wconf 84' lang='grc' dir='ltr'><strong>οῦν</strong></span> <span class='ocrx_word' id='word_1_135' title='bbox 299 1826 343 1882; x_wconf 86' lang='grc' dir='ltr'><strong>καλ</strong></span> <span class='ocrx_word' id='word_1_136' title='bbox 372 1823 476 1886; x_wconf 84' lang='grc' dir='ltr'><strong>Παῦλος</strong></span> <span class='ocrx_word' id='word_1_137' title='bbox 503 1820 593 1901; x_wconf 76' lang='grc' dir='ltr'><strong>φησίν.</strong></span> <span class='ocrx_word' id='word_1_138' title='bbox 636 1820 746 1891; x_wconf 74' lang='grc' dir='ltr'><strong>ἸΞπειδθΙ</strong></span> <span class='ocrx_word' id='word_1_139' title='bbox 765 1825 816 1904; x_wconf 75' lang='grc' dir='ltr'><strong>γὰρ</strong></span> <span class='ocrx_word' id='word_1_140' title='bbox 840 1822 931 1883; x_wconf 78' lang='grc' dir='ltr'><strong>πολλοὶ</strong></span> <span class='ocrx_word' id='word_1_141' title='bbox 955 1826 1007 1881; x_wconf 76' lang='grc' dir='ltr'><strong>τῶν</strong></span> 
     </span>
     <span class='ocr_line' id='line_1_18' title="bbox 228 1898 1005 1988; baseline -0.003 -20"><span class='ocrx_word' id='word_1_142' title='bbox 228 1909 364 1980; x_wconf 80' lang='grc' dir='ltr'><strong>Ἑλλήνων</strong></span> <span class='ocrx_word' id='word_1_143' title='bbox 375 1907 518 1986; x_wconf 79' lang='grc' dir='ltr'><strong>ἀντιλέγειν</strong></span> <span class='ocrx_word' id='word_1_144' title='bbox 531 1908 640 1985; x_wconf 77' lang='grc' dir='ltr'><strong>ἔμελλον</strong></span> <span class='ocrx_word' id='word_1_145' title='bbox 650 1953 658 1981; x_wconf 96' lang='grc'><strong>,</strong></span> <span class='ocrx_word' id='word_1_146' title='bbox 667 1898 713 1967; x_wconf 80' lang='grc' dir='ltr'><strong>κάλ</strong></span> <span class='ocrx_word' id='word_1_147' title='bbox 727 1909 810 1986; x_wconf 86' lang='grc' dir='ltr'><strong>λέγειν</strong></span> <span class='ocrx_word' id='word_1_148' title='bbox 828 1909 867 1967; x_wconf 84' lang='grc' dir='ltr'><strong>ότι</strong></span> <span class='ocrx_word' id='word_1_149' title='bbox 881 1912 941 1974; x_wconf 86' lang='grc' dir='ltr'><strong>Πῶς</strong></span> <span class='ocrx_word' id='word_1_150' title='bbox 949 1932 1005 1988; x_wconf 78' lang='grc' dir='ltr'><strong>κρι·</strong></span> 
     </span>
     <span class='ocr_line' id='line_1_19' title="bbox 227 1992 1006 2073; baseline -0.006 -17"><span class='ocrx_word' id='word_1_151' title='bbox 227 2005 266 2056; x_wconf 90' lang='grc' dir='ltr'><strong>νεῖ</strong></span> <span class='ocrx_word' id='word_1_152' title='bbox 288 2002 303 2057; x_wconf 82' lang='grc' dir='ltr'><strong>ό</strong></span> <span class='ocrx_word' id='word_1_153' title='bbox 326 1995 393 2062; x_wconf 82' lang='grc' dir='ltr'><strong>Θεδς</strong></span> <span class='ocrx_word' id='word_1_154' title='bbox 420 1994 478 2062; x_wconf 86' lang='grc' dir='ltr'><strong>τοῦς</strong></span> <span class='ocrx_word' id='word_1_155' title='bbox 499 1994 649 2073; x_wconf 77' lang='grc' dir='ltr'><strong>ἀνθρώπους</strong></span> <span class='ocrx_word' id='word_1_156' title='bbox 666 1992 724 2061; x_wconf 85' lang='grc' dir='ltr'><strong>τοῦς</strong></span> <span class='ocrx_word' id='word_1_157' title='bbox 744 1996 794 2073; x_wconf 85' lang='grc' dir='ltr'><strong>πρὸ</strong></span> <span class='ocrx_word' id='word_1_158' title='bbox 813 1994 960 2066; x_wconf 65' lang='lat' dir='ltr'><strong>tinuatur,</strong></span> <span class='ocrx_word' id='word_1_159' title='bbox 977 1996 1006 2052; x_wconf 79' lang='grc' dir='ltr'><strong>οῦ</strong></span> 
     </span>
     <span class='ocr_line' id='line_1_20' title="bbox 228 2082 1007 2164; baseline -0.009 -19"><span class='ocrx_word' id='word_1_160' title='bbox 228 2084 368 2164; x_wconf 84' lang='grc' dir='ltr'><strong>νομοθέτην</strong></span> <span class='ocrx_word' id='word_1_161' title='bbox 384 2086 520 2164; x_wconf 79' lang='grc' dir='ltr'><strong>ἔπεμψεν,</strong></span> <span class='ocrx_word' id='word_1_162' title='bbox 539 2085 568 2142; x_wconf 84' lang='grc' dir='ltr'><strong>οῦ</strong></span> <span class='ocrx_word' id='word_1_163' title='bbox 580 2083 659 2160; x_wconf 91' lang='grc' dir='ltr'><strong>νόμον</strong></span> <span class='ocrx_word' id='word_1_164' title='bbox 674 2082 837 2162; x_wconf 74' lang='grc' dir='ltr'><strong>εἰσήνεγκεν,</strong></span> <span class='ocrx_word' id='word_1_165' title='bbox 859 2084 887 2141; x_wconf 87' lang='grc' dir='ltr'><strong>οὐ</strong></span> <span class='ocrx_word' id='word_1_166' title='bbox 903 2082 1007 2162; x_wconf 78' lang='grc' dir='ltr'><strong>προρή-</strong></span> 
     </span>
    </p>

    <p class='ocr_par' dir='ltr' id='par_1_6' title="bbox 188 2174 1008 4520">
     <span class='ocr_line' id='line_1_21' title="bbox 188 2174 1005 2251; baseline -0.012 -11"><span class='ocrx_word' id='word_1_167' title='bbox 188 2200 276 2251; x_wconf 74' lang='grc' dir='ltr'><strong>αοτην</strong></span> <span class='ocrx_word' id='word_1_168' title='bbox 297 2177 466 2251; x_wconf 79' lang='grc' dir='ltr'><strong>ἀπέστειλεν,</strong></span> <span class='ocrx_word' id='word_1_169' title='bbox 488 2178 535 2235; x_wconf 84' lang='grc' dir='ltr'><strong>οὐκ</strong></span> <span class='ocrx_word' id='word_1_170' title='bbox 560 2175 720 2246; x_wconf 82' lang='grc' dir='ltr'><strong>ἀπόστολον,</strong></span> <span class='ocrx_word' id='word_1_171' title='bbox 740 2178 786 2233; x_wconf 83' lang='grc' dir='ltr'><strong>οὐκ</strong></span> <span class='ocrx_word' id='word_1_172' title='bbox 807 2174 1005 2251; x_wconf 84' lang='grc' dir='ltr'><strong>εῦαγγελιστήν·</strong></span> 
     </span>
     <span class='ocr_line' id='line_1_22' title="bbox 227 2257 1007 2406; baseline -0.008 -82"><span class='ocrx_word' id='word_1_173' title='bbox 227 2271 283 2332; x_wconf 88' lang='grc' dir='ltr'><strong>πῶς</strong></span> <span class='ocrx_word' id='word_1_174' title='bbox 298 2257 342 2324; x_wconf 79' lang='grc' dir='ltr'><strong>οῦν</strong></span> <span class='ocrx_word' id='word_1_175' title='bbox 363 2263 456 2329; x_wconf 82' lang='grc' dir='ltr'><strong>αὐτοῦς</strong></span> <span class='ocrx_word' id='word_1_176' title='bbox 470 2263 576 2329; x_wconf 79' lang='grc' dir='ltr'><strong>εὐθύνας</strong></span> <span class='ocrx_word' id='word_1_177' title='bbox 590 2269 711 2333; x_wconf 78' lang='grc' dir='ltr'><strong>ἀπαιτεῖς</strong></span> <span class='ocrx_word' id='word_1_178' title='bbox 730 2263 909 2406; x_wconf 64' lang='grc' dir='ltr'><strong>ρουλόμενοςό</strong></span> <span class='ocrx_word' id='word_1_179' title='bbox 929 2265 1007 2322; x_wconf 87' lang='grc' dir='ltr'><strong>Παῦ-</strong></span> 
     </span>
     <span class='ocr_line' id='line_1_23' title="bbox 228 2347 1006 2429; baseline -0.008 -18"><span class='ocrx_word' id='word_1_180' title='bbox 228 2354 272 2419; x_wconf 87' lang='grc' dir='ltr'><strong>λος</strong></span> <span class='ocrx_word' id='word_1_181' title='bbox 285 2351 384 2423; x_wconf 81' lang='grc' dir='ltr'><strong>δεῖξαι,</strong></span> <span class='ocrx_word' id='word_1_182' title='bbox 399 2351 440 2411; x_wconf 85' lang='grc' dir='ltr'><strong>ότι</strong></span> <span class='ocrx_word' id='word_1_183' title='bbox 455 2350 498 2410; x_wconf 88' lang='grc' dir='ltr'><strong>τθν</strong></span> <span class='ocrx_word' id='word_1_184' title='bbox 518 2350 701 2410; x_wconf 80' lang='grc' dir='ltr'><strong>αὐτοδίδακτον</strong></span> <span class='ocrx_word' id='word_1_185' title='bbox 721 2372 791 2429; x_wconf 85' lang='grc' dir='ltr'><strong>εχον</strong></span> <span class='ocrx_word' id='word_1_186' title='bbox 805 2350 898 2425; x_wconf 89' lang='grc' dir='ltr'><strong>νόμον,</strong></span> <span class='ocrx_word' id='word_1_187' title='bbox 908 2348 952 2406; x_wconf 84' lang='grc' dir='ltr'><strong>καλ</strong></span> <span class='ocrx_word' id='word_1_188' title='bbox 972 2347 1006 2405; x_wconf 88' lang='grc' dir='ltr'><strong>τθι</strong></span> 
     </span>
     <span class='ocr_line' id='line_1_24' title="bbox 227 2433 1007 2517; baseline -0.008 -19"><span class='ocrx_word' id='word_1_189' title='bbox 227 2437 345 2517; x_wconf 87' lang='grc' dir='ltr'><strong>πρακτέα</strong></span> <span class='ocrx_word' id='word_1_190' title='bbox 365 2441 454 2517; x_wconf 79' lang='grc' dir='ltr'><strong>σαφῶς</strong></span> <span class='ocrx_word' id='word_1_191' title='bbox 467 2438 564 2513; x_wconf 82' lang='grc' dir='ltr'><strong>ήδεσαν</strong></span> <span class='ocrx_word' id='word_1_192' title='bbox 575 2480 583 2509; x_wconf 94' lang='grc'><strong>,</strong></span> <span class='ocrx_word' id='word_1_193' title='bbox 595 2437 705 2496; x_wconf 80' lang='grc' dir='ltr'><strong>ἄκουσον</strong></span> <span class='ocrx_word' id='word_1_194' title='bbox 719 2440 774 2501; x_wconf 90' lang='grc' dir='ltr'><strong>πῶς</strong></span> <span class='ocrx_word' id='word_1_195' title='bbox 789 2458 865 2514; x_wconf 79' lang='grc' dir='ltr'><strong>φησιν</strong></span> <span class='ocrx_word' id='word_1_196' title='bbox 876 2459 883 2472; x_wconf 92' lang='grc'><em>·</em></span> <span class='ocrx_word' id='word_1_197' title='bbox 894 2463 906 2486; x_wconf 76' lang='grc' dir='ltr'><strong>ι</strong></span> <span class='ocrx_word' id='word_1_198' title='bbox 919 2433 1007 2493; x_wconf 84' lang='grc' dir='ltr'><strong>Ὅταν</strong></span> 
     </span>
     <span class='ocr_line' id='line_1_25' title="bbox 228 2516 1007 2604; baseline -0.004 -21"><span class='ocrx_word' id='word_1_199' title='bbox 228 2527 279 2604; x_wconf 75' lang='grc' dir='ltr'><strong>γὰρ</strong></span> <span class='ocrx_word' id='word_1_200' title='bbox 298 2526 358 2597; x_wconf 82' lang='grc' dir='ltr'><strong>ἔθνη</strong></span> <span class='ocrx_word' id='word_1_201' title='bbox 379 2516 413 2584; x_wconf 87' lang='grc' dir='ltr'><strong>τθι</strong></span> <span class='ocrx_word' id='word_1_202' title='bbox 434 2523 472 2601; x_wconf 83' lang='grc' dir='ltr'><strong>μή</strong></span> <span class='ocrx_word' id='word_1_203' title='bbox 486 2524 564 2599; x_wconf 89' lang='grc' dir='ltr'><strong>νόμον</strong></span> <span class='ocrx_word' id='word_1_204' title='bbox 586 2523 698 2604; x_wconf 81' lang='grc' dir='ltr'><strong>ἔχοντα,</strong></span> <span class='ocrx_word' id='word_1_205' title='bbox 713 2523 787 2604; x_wconf 65' lang='lat' dir='ltr'><strong>puceu</strong></span> <span class='ocrx_word' id='word_1_206' title='bbox 810 2523 844 2582; x_wconf 82' lang='grc' dir='ltr'><strong>τθ</strong></span> <span class='ocrx_word' id='word_1_207' title='bbox 861 2527 906 2581; x_wconf 92' lang='grc' dir='ltr'><strong>τοῦ</strong></span> <span class='ocrx_word' id='word_1_208' title='bbox 926 2522 1007 2596; x_wconf 81' lang='grc' dir='ltr'><strong>νόμου</strong></span> 
     </span>
     <span class='ocr_line' id='line_1_26' title="bbox 188 2605 1007 2693; baseline -0.007 -20"><span class='ocrx_word' id='word_1_209' title='bbox 188 2632 216 2674; x_wconf 73' lang='lat' dir='ltr'><strong>tt</strong></span> <span class='ocrx_word' id='word_1_210' title='bbox 229 2618 304 2693; x_wconf 82' lang='grc' dir='ltr'><strong>ποιῇ,</strong></span> <span class='ocrx_word' id='word_1_211' title='bbox 320 2605 391 2671; x_wconf 80' lang='grc' dir='ltr'><strong>οῦτοι</strong></span> <span class='ocrx_word' id='word_1_212' title='bbox 403 2612 482 2688; x_wconf 91' lang='grc' dir='ltr'><strong>νόμον</strong></span> <span class='ocrx_word' id='word_1_213' title='bbox 495 2611 531 2684; x_wconf 80' lang='grc' dir='ltr'><strong>μὴ</strong></span> <span class='ocrx_word' id='word_1_214' title='bbox 545 2611 647 2692; x_wconf 79' lang='grc' dir='ltr'><strong>ἔχοντες</strong></span> <span class='ocrx_word' id='word_1_215' title='bbox 657 2612 757 2678; x_wconf 80' lang='grc' dir='ltr'><strong>ἑαυτοῖς</strong></span> <span class='ocrx_word' id='word_1_216' title='bbox 771 2612 820 2670; x_wconf 78' lang='grc' dir='ltr'><strong>εἰσι</strong></span> <span class='ocrx_word' id='word_1_217' title='bbox 836 2610 929 2686; x_wconf 87' lang='grc' dir='ltr'><strong>νόμος,</strong></span> <span class='ocrx_word' id='word_1_218' title='bbox 939 2610 1007 2667; x_wconf 76' lang='grc' dir='ltr'><strong>οἵτι-</strong></span> 
     </span>
     <span class='ocr_line' id='line_1_27' title="bbox 227 2697 1007 2777; baseline -0.01 -15"><span class='ocrx_word' id='word_1_219' title='bbox 227 2725 268 2768; x_wconf 88' lang='grc' dir='ltr'><strong>νες</strong></span> <span class='ocrx_word' id='word_1_220' title='bbox 282 2701 456 2760; x_wconf 79' lang='grc' dir='ltr'><strong>ἐνδείκνυνται</strong></span> <span class='ocrx_word' id='word_1_221' title='bbox 478 2700 507 2760; x_wconf 87' lang='grc' dir='ltr'><strong>τδ</strong></span> <span class='ocrx_word' id='word_1_222' title='bbox 522 2697 595 2777; x_wconf 72' lang='grc' dir='ltr'><strong>ἔργον</strong></span> <span class='ocrx_word' id='word_1_223' title='bbox 616 2706 661 2759; x_wconf 91' lang='grc' dir='ltr'><strong>τοῦ</strong></span> <span class='ocrx_word' id='word_1_224' title='bbox 679 2699 759 2776; x_wconf 93' lang='grc' dir='ltr'><strong>νόμοο</strong></span> <span class='ocrx_word' id='word_1_225' title='bbox 772 2697 888 2776; x_wconf 79' lang='grc' dir='ltr'><strong>γραπτὸν</strong></span> <span class='ocrx_word' id='word_1_226' title='bbox 910 2699 936 2755; x_wconf 81' lang='grc' dir='ltr'><strong>έν</strong></span> <span class='ocrx_word' id='word_1_227' title='bbox 951 2698 1007 2762; x_wconf 85' lang='grc' dir='ltr'><strong>ταῖς</strong></span> 
     </span>
     <span class='ocr_line' id='line_1_28' title="bbox 228 2786 1006 2869; baseline -0.006 -21"><span class='ocrx_word' id='word_1_228' title='bbox 228 2789 348 2869; x_wconf 82' lang='grc' dir='ltr'><strong>καρδίαις</strong></span> <span class='ocrx_word' id='word_1_229' title='bbox 367 2790 462 2849; x_wconf 78' lang='grc' dir='ltr'><strong>αὐτῶν.</strong></span> <span class='ocrx_word' id='word_1_230' title='bbox 479 2815 491 2842; x_wconf 75' lang='lat' dir='ltr'><strong>n</strong></span> <span class='ocrx_word' id='word_1_231' title='bbox 534 2790 595 2855; x_wconf 83' lang='grc' dir='ltr'><strong>Πῶς</strong></span> <span class='ocrx_word' id='word_1_232' title='bbox 612 2786 884 2867; x_wconf 72' lang='grc' dir='ltr'><strong>χωρλςγραμμάτωνς</strong></span> <span class='ocrx_word' id='word_1_233' title='bbox 901 2813 913 2836; x_wconf 72' lang='grc' dir='ltr'><strong>ι</strong></span> <span class='ocrx_word' id='word_1_234' title='bbox 932 2787 1006 2858; x_wconf 72' lang='grc' dir='ltr'><strong>Συμ·</strong></span> 
     </span>
     <span class='ocr_line' id='line_1_29' title="bbox 229 2870 1008 2956; baseline -0.004 -22"><span class='ocrx_word' id='word_1_235' title='bbox 229 2875 411 2956; x_wconf 83' lang='grc' dir='ltr'><strong>μαρτυρούσης</strong></span> <span class='ocrx_word' id='word_1_236' title='bbox 425 2876 512 2942; x_wconf 88' lang='grc' dir='ltr'><strong>αῦτοῑς</strong></span> <span class='ocrx_word' id='word_1_237' title='bbox 523 2880 570 2948; x_wconf 75' lang='grc' dir='ltr'><strong>τῆς</strong></span> <span class='ocrx_word' id='word_1_238' title='bbox 581 2876 750 2946; x_wconf 88' lang='grc' dir='ltr'><strong>συνειδήσεως</strong></span> <span class='ocrx_word' id='word_1_239' title='bbox 761 2875 805 2933; x_wconf 78' lang='grc' dir='ltr'><strong>καὶ</strong></span> <span class='ocrx_word' id='word_1_240' title='bbox 817 2870 914 2947; x_wconf 78' lang='grc' dir='ltr'><strong>μεταξὺ</strong></span> <span class='ocrx_word' id='word_1_241' title='bbox 926 2872 1008 2942; x_wconf 87' lang='grc' dir='ltr'><strong>ἀλλή·</strong></span> 
     </span>
     <span class='ocr_line' id='line_1_30' title="bbox 228 2960 1008 3040; baseline -0.005 -19"><span class='ocrx_word' id='word_1_242' title='bbox 228 2969 282 3022; x_wconf 91' lang='grc' dir='ltr'><strong>λων</strong></span> <span class='ocrx_word' id='word_1_243' title='bbox 297 2970 349 3023; x_wconf 88' lang='grc' dir='ltr'><strong>τῶν</strong></span> <span class='ocrx_word' id='word_1_244' title='bbox 364 2967 498 3040; x_wconf 81' lang='grc' dir='ltr'><strong>λογισμῶν</strong></span> <span class='ocrx_word' id='word_1_245' title='bbox 520 2962 748 3040; x_wconf 83' lang='grc' dir='ltr'><strong>κατηγορούντων,</strong></span> <span class='ocrx_word' id='word_1_246' title='bbox 769 2961 787 3032; x_wconf 73' lang='grc' dir='ltr'>ἢ</span> <span class='ocrx_word' id='word_1_247' title='bbox 805 2960 849 3018; x_wconf 86' lang='grc' dir='ltr'><strong>καλ</strong></span> <span class='ocrx_word' id='word_1_248' title='bbox 863 2962 1008 3036; x_wconf 83' lang='grc' dir='ltr'><strong>ἀπολογον·</strong></span> 
     </span>
     <span class='ocr_line' id='line_1_31' title="bbox 188 3045 1006 3129; baseline -0.005 -22"><span class='ocrx_word' id='word_1_249' title='bbox 188 3068 217 3107; x_wconf 74' lang='grc' dir='ltr'><strong>αο</strong></span> <span class='ocrx_word' id='word_1_250' title='bbox 231 3049 316 3125; x_wconf 80' lang='grc' dir='ltr'><strong>μένων</strong></span> <span class='ocrx_word' id='word_1_251' title='bbox 338 3053 365 3108; x_wconf 76' lang='grc' dir='ltr'><strong>έν</strong></span> <span class='ocrx_word' id='word_1_252' title='bbox 382 3050 487 3129; x_wconf 75' lang='grc' dir='ltr'><strong>ήμίρορ,</strong></span> <span class='ocrx_word' id='word_1_253' title='bbox 507 3047 550 3107; x_wconf 83' lang='grc' dir='ltr'><strong>ὅτε</strong></span> <span class='ocrx_word' id='word_1_254' title='bbox 573 3049 656 3128; x_wconf 80' lang='grc' dir='ltr'><strong>κρινεῖ</strong></span> <span class='ocrx_word' id='word_1_255' title='bbox 677 3048 771 3113; x_wconf 81' lang='grc' dir='ltr'><strong>όΘεδς</strong></span> <span class='ocrx_word' id='word_1_256' title='bbox 787 3046 820 3104; x_wconf 87' lang='grc' dir='ltr'><strong>τά</strong></span> <span class='ocrx_word' id='word_1_257' title='bbox 834 3045 936 3125; x_wconf 78' lang='grc' dir='ltr'><strong>κρυπτὰ</strong></span> <span class='ocrx_word' id='word_1_258' title='bbox 954 3050 1006 3104; x_wconf 86' lang='grc' dir='ltr'><strong>τῶν</strong></span> 
     </span>
     <span class='ocr_line' id='line_1_32' title="bbox 229 3130 1006 3215; baseline -0.006 -21"><span class='ocrx_word' id='word_1_259' title='bbox 229 3136 373 3215; x_wconf 85' lang='grc' dir='ltr'><strong>ἀνθρώπων</strong></span> <span class='ocrx_word' id='word_1_260' title='bbox 394 3136 462 3194; x_wconf 88' lang='grc' dir='ltr'><strong>κατθι</strong></span> <span class='ocrx_word' id='word_1_261' title='bbox 475 3137 505 3194; x_wconf 82' lang='grc' dir='ltr'><strong>τὸ</strong></span> <span class='ocrx_word' id='word_1_262' title='bbox 527 3135 677 3214; x_wconf 75' lang='grc' dir='ltr'><strong>εὐαγγέλιόν</strong></span> <span class='ocrx_word' id='word_1_263' title='bbox 697 3156 747 3209; x_wconf 85' lang='grc' dir='ltr'><strong>μου</strong></span> <span class='ocrx_word' id='word_1_264' title='bbox 763 3132 805 3191; x_wconf 81' lang='grc' dir='ltr'><strong>διδ</strong></span> <span class='ocrx_word' id='word_1_265' title='bbox 825 3130 913 3204; x_wconf 82' lang='grc' dir='ltr'><strong>Ἰησοῦ</strong></span> <span class='ocrx_word' id='word_1_266' title='bbox 942 3134 1006 3210; x_wconf 77' lang='grc' dir='ltr'><strong>Χρι·</strong></span> 
     </span>
     <span class='ocr_line' id='line_1_33' title="bbox 230 3220 1005 3300; baseline -0.006 -18"><span class='ocrx_word' id='word_1_267' title='bbox 230 3229 291 3282; x_wconf 83' lang='grc' dir='ltr'><strong>σποῦ</strong></span> <span class='ocrx_word' id='word_1_268' title='bbox 308 3245 339 3275; x_wconf 73' lang='grc' dir='ltr'><strong>ν·</strong></span> <span class='ocrx_word' id='word_1_269' title='bbox 361 3222 406 3281; x_wconf 84' lang='grc' dir='ltr'><strong>καλ</strong></span> <span class='ocrx_word' id='word_1_270' title='bbox 420 3222 516 3282; x_wconf 83' lang='grc' dir='ltr'><strong>πόλιν·</strong></span> <span class='ocrx_word' id='word_1_271' title='bbox 544 3249 556 3273; x_wconf 78' lang='grc' dir='ltr'>ι</span> <span class='ocrx_word' id='word_1_272' title='bbox 576 3220 654 3281; x_wconf 84' lang='grc' dir='ltr'><strong>Ὅσοι</strong></span> <span class='ocrx_word' id='word_1_273' title='bbox 680 3220 731 3300; x_wconf 73' lang='grc' dir='ltr'><strong>γὰρ</strong></span> <span class='ocrx_word' id='word_1_274' title='bbox 753 3220 856 3295; x_wconf 83' lang='grc' dir='ltr'><strong>ἀνόμοις</strong></span> <span class='ocrx_word' id='word_1_275' title='bbox 876 3220 1005 3300; x_wconf 79' lang='grc' dir='ltr'><strong>ήμαρτον,</strong></span> 
     </span>
     <span class='ocr_line' id='line_1_34' title="bbox 229 3306 1006 3387; baseline -0.006 -18"><span class='ocrx_word' id='word_1_276' title='bbox 229 3311 333 3387; x_wconf 81' lang='grc' dir='ltr'><strong>ἀνόμως</strong></span> <span class='ocrx_word' id='word_1_277' title='bbox 347 3308 393 3368; x_wconf 78' lang='grc' dir='ltr'><strong>καὶ</strong></span> <span class='ocrx_word' id='word_1_278' title='bbox 413 3311 585 3368; x_wconf 80' lang='grc' dir='ltr'><strong>ἀπολοῦνται·</strong></span> <span class='ocrx_word' id='word_1_279' title='bbox 598 3308 644 3367; x_wconf 85' lang='grc' dir='ltr'><strong>καλ</strong></span> <span class='ocrx_word' id='word_1_280' title='bbox 658 3307 714 3367; x_wconf 85' lang='grc' dir='ltr'><strong>όσοι</strong></span> <span class='ocrx_word' id='word_1_281' title='bbox 734 3312 760 3367; x_wconf 79' lang='grc' dir='ltr'><strong>έν</strong></span> <span class='ocrx_word' id='word_1_282' title='bbox 776 3306 848 3386; x_wconf 86' lang='grc' dir='ltr'><strong>νόμῳ</strong></span> <span class='ocrx_word' id='word_1_283' title='bbox 868 3307 986 3386; x_wconf 80' lang='grc' dir='ltr'><strong>ἥμαρτον</strong></span> <span class='ocrx_word' id='word_1_284' title='bbox 998 3352 1006 3378; x_wconf 92' lang='grc'><strong>,</strong></span> 
     </span>
     <span class='ocr_line' id='line_1_35' title="bbox 229 3381 1006 3475; baseline -0.006 -19"><span class='ocrx_word' id='word_1_285' title='bbox 229 3397 272 3456; x_wconf 79' lang='grc' dir='ltr'><strong>διδ</strong></span> <span class='ocrx_word' id='word_1_286' title='bbox 286 3398 365 3474; x_wconf 93' lang='grc' dir='ltr'><strong>νόμου</strong></span> <span class='ocrx_word' id='word_1_287' title='bbox 377 3396 553 3475; x_wconf 74' lang='grc' dir='ltr'><strong>κριθήσονται.</strong></span> <span class='ocrx_word' id='word_1_288' title='bbox 574 3420 586 3447; x_wconf 75' lang='lat' dir='ltr'><strong>o</strong></span> <span class='ocrx_word' id='word_1_289' title='bbox 605 3395 641 3454; x_wconf 80' lang='grc' dir='ltr'><strong>Τί</strong></span> <span class='ocrx_word' id='word_1_290' title='bbox 653 3396 736 3465; x_wconf 78' lang='grc' dir='ltr'><strong>ἐστιν,</strong></span> <span class='ocrx_word' id='word_1_291' title='bbox 751 3393 864 3467; x_wconf 79' lang='grc' dir='ltr'><strong>Ἇνόμως</strong></span> <span class='ocrx_word' id='word_1_292' title='bbox 876 3381 1006 3451; x_wconf 76' lang='grc' dir='ltr'><strong>ἀτίολοῦν-</strong></span> 
     </span>
     <span class='ocr_line' id='line_1_36' title="bbox 188 3479 1006 3562; baseline -0.01 -18"><span class='ocrx_word' id='word_1_293' title='bbox 188 3504 216 3544; x_wconf 73' lang='grc' dir='ltr'><strong>αι</strong></span> <span class='ocrx_word' id='word_1_294' title='bbox 230 3509 289 3557; x_wconf 78' lang='grc' dir='ltr'><strong>ταις</strong></span> <span class='ocrx_word' id='word_1_295' title='bbox 303 3484 374 3561; x_wconf 83' lang='grc' dir='ltr'><strong>Οθχλ</strong></span> <span class='ocrx_word' id='word_1_296' title='bbox 385 3489 432 3542; x_wconf 89' lang='grc' dir='ltr'><strong>τοῦ</strong></span> <span class='ocrx_word' id='word_1_297' title='bbox 451 3484 531 3558; x_wconf 84' lang='grc' dir='ltr'><strong>νόμον</strong></span> <span class='ocrx_word' id='word_1_298' title='bbox 549 3486 766 3562; x_wconf 89' lang='grc' dir='ltr'><strong>κατηγοροῦντος,</strong></span> <span class='ocrx_word' id='word_1_299' title='bbox 781 3479 848 3539; x_wconf 81' lang='grc' dir='ltr'><strong>ἀλλά</strong></span> <span class='ocrx_word' id='word_1_300' title='bbox 862 3482 913 3536; x_wconf 91' lang='grc' dir='ltr'><strong>τῶν</strong></span> <span class='ocrx_word' id='word_1_301' title='bbox 934 3482 1006 3557; x_wconf 83' lang='grc' dir='ltr'><strong>λογι-</strong></span> 
     </span>
     <span class='ocr_line' id='line_1_37' title="bbox 229 3559 1007 3649; baseline -0.009 -18"><span class='ocrx_word' id='word_1_302' title='bbox 229 3578 303 3649; x_wconf 86' lang='grc' dir='ltr'><strong>σμῶν</strong></span> <span class='ocrx_word' id='word_1_303' title='bbox 317 3573 363 3631; x_wconf 83' lang='grc' dir='ltr'><strong>καὶ</strong></span> <span class='ocrx_word' id='word_1_304' title='bbox 377 3577 421 3630; x_wconf 91' lang='grc' dir='ltr'><strong>τοῦ</strong></span> <span class='ocrx_word' id='word_1_305' title='bbox 442 3572 594 3636; x_wconf 88' lang='grc' dir='ltr'><strong>συνειδότος.</strong></span> <span class='ocrx_word' id='word_1_306' title='bbox 640 3572 670 3629; x_wconf 76' lang='grc' dir='ltr'><strong>Εἰ</strong></span> <span class='ocrx_word' id='word_1_307' title='bbox 686 3569 712 3627; x_wconf 80' lang='grc' dir='ltr'><strong>δλ</strong></span> <span class='ocrx_word' id='word_1_308' title='bbox 732 3572 769 3645; x_wconf 86' lang='grc' dir='ltr'><strong>μή</strong></span> <span class='ocrx_word' id='word_1_309' title='bbox 783 3559 853 3648; x_wconf 76' lang='grc' dir='ltr'><strong>εἶχον</strong></span> <span class='ocrx_word' id='word_1_310' title='bbox 866 3568 944 3642; x_wconf 87' lang='grc' dir='ltr'><strong>νόμον</strong></span> <span class='ocrx_word' id='word_1_311' title='bbox 963 3570 1007 3628; x_wconf 85' lang='grc' dir='ltr'><strong>τθν</strong></span> 
     </span>
     <span class='ocr_line' id='line_1_38' title="bbox 228 3655 1008 3733; baseline -0.008 -14"><span class='ocrx_word' id='word_1_312' title='bbox 228 3667 275 3719; x_wconf 90' lang='grc' dir='ltr'><strong>τοῦ</strong></span> <span class='ocrx_word' id='word_1_313' title='bbox 289 3660 450 3733; x_wconf 85' lang='grc' dir='ltr'><strong>συνειδότος,</strong></span> <span class='ocrx_word' id='word_1_314' title='bbox 469 3657 527 3717; x_wconf 78' lang='lat' dir='ltr'><strong>otii</strong></span> <span class='ocrx_word' id='word_1_315' title='bbox 542 3655 685 3716; x_wconf 84' lang='grc' dir='ltr'><strong>ἀπολέσθαι</strong></span> <span class='ocrx_word' id='word_1_316' title='bbox 704 3655 795 3721; x_wconf 80' lang='grc' dir='ltr'><strong>αὐτοῦς</strong></span> <span class='ocrx_word' id='word_1_317' title='bbox 810 3655 1008 3733; x_wconf 77' lang='grc' dir='ltr'><strong>ἁμαρτάνοντας</strong></span> 
     </span>
     <span class='ocr_line' id='line_1_39' title="bbox 228 3742 1008 3823; baseline -0.006 -18"><span class='ocrx_word' id='word_1_318' title='bbox 228 3748 295 3806; x_wconf 73' lang='grc' dir='ltr'><strong>ἔδει·</strong></span> <span class='ocrx_word' id='word_1_319' title='bbox 319 3750 374 3812; x_wconf 93' lang='grc' dir='ltr'><strong>πῶς</strong></span> <span class='ocrx_word' id='word_1_320' title='bbox 397 3745 459 3823; x_wconf 75' lang='grc' dir='ltr'><strong>γὰρ,</strong></span> <span class='ocrx_word' id='word_1_321' title='bbox 488 3747 512 3802; x_wconf 74' lang='grc' dir='ltr'><strong>εἰ</strong></span> <span class='ocrx_word' id='word_1_322' title='bbox 530 3744 633 3821; x_wconf 82' lang='grc' dir='ltr'><strong>ἀνόμως</strong></span> <span class='ocrx_word' id='word_1_323' title='bbox 658 3744 790 3823; x_wconf 83' lang='grc' dir='ltr'><strong>ήμαρτονς</strong></span> <span class='ocrx_word' id='word_1_324' title='bbox 816 3743 885 3803; x_wconf 80' lang='grc' dir='ltr'><strong>Ἀλλ’</strong></span> <span class='ocrx_word' id='word_1_325' title='bbox 905 3742 1008 3819; x_wconf 90' lang='grc' dir='ltr'><strong>ἀνόμως</strong></span> 
     </span>
     <span class='ocr_line' id='line_1_40' title="bbox 227 3823 1003 3911; baseline -0.004 -17"><span class='ocrx_word' id='word_1_326' title='bbox 227 3835 291 3894; x_wconf 76' lang='grc' dir='ltr'><strong>ὅταν</strong></span> <span class='ocrx_word' id='word_1_327' title='bbox 306 3834 385 3911; x_wconf 79' lang='grc' dir='ltr'><strong>εἴπῃ,</strong></span> <span class='ocrx_word' id='word_1_328' title='bbox 403 3834 432 3892; x_wconf 88' lang='grc' dir='ltr'><strong>οῦ</strong></span> <span class='ocrx_word' id='word_1_329' title='bbox 447 3838 523 3893; x_wconf 87' lang='grc' dir='ltr'><strong>τοῦτο</strong></span> <span class='ocrx_word' id='word_1_330' title='bbox 534 3834 604 3909; x_wconf 86' lang='grc' dir='ltr'><strong>λέγει</strong></span> <span class='ocrx_word' id='word_1_331' title='bbox 615 3878 624 3904; x_wconf 94' lang='grc'><strong>,</strong></span> <span class='ocrx_word' id='word_1_332' title='bbox 637 3832 677 3892; x_wconf 83' lang='grc' dir='ltr'><strong>ότι</strong></span> <span class='ocrx_word' id='word_1_333' title='bbox 687 3836 736 3892; x_wconf 85' lang='grc' dir='ltr'><strong>οῦκ</strong></span> <span class='ocrx_word' id='word_1_334' title='bbox 750 3823 820 3909; x_wconf 76' lang='grc' dir='ltr'><strong>εἶχον</strong></span> <span class='ocrx_word' id='word_1_335' title='bbox 832 3831 929 3907; x_wconf 83' lang='grc' dir='ltr'><strong>νόμον,</strong></span> <span class='ocrx_word' id='word_1_336' title='bbox 945 3832 1003 3891; x_wconf 83' lang='grc' dir='ltr'><strong>ἀλλ’</strong></span> 
     </span>
     <span class='ocr_line' id='line_1_41' title="bbox 188 3914 1006 4001; baseline -0.006 -18"><span class='ocrx_word' id='word_1_337' title='bbox 188 3938 216 3977; x_wconf 81' lang='lat'><strong>⁴0</strong></span> <span class='ocrx_word' id='word_1_338' title='bbox 229 3924 269 3983; x_wconf 86' lang='grc' dir='ltr'><strong>ότι</strong></span> <span class='ocrx_word' id='word_1_339' title='bbox 282 3926 330 3983; x_wconf 85' lang='grc' dir='ltr'><strong>οῦκ</strong></span> <span class='ocrx_word' id='word_1_340' title='bbox 345 3914 415 4001; x_wconf 79' lang='grc' dir='ltr'><strong>εἶχον</strong></span> <span class='ocrx_word' id='word_1_341' title='bbox 426 3920 504 3996; x_wconf 86' lang='grc' dir='ltr'><strong>νόμον</strong></span> <span class='ocrx_word' id='word_1_342' title='bbox 514 3920 647 4000; x_wconf 80' lang='grc' dir='ltr'><strong>γραπτὸν,</strong></span> <span class='ocrx_word' id='word_1_343' title='bbox 658 3920 703 3979; x_wconf 87' lang='grc' dir='ltr'><strong>τδν</strong></span> <span class='ocrx_word' id='word_1_344' title='bbox 719 3922 745 3978; x_wconf 77' lang='grc' dir='ltr'><strong>δέ</strong></span> <span class='ocrx_word' id='word_1_345' title='bbox 758 3923 805 3990; x_wconf 77' lang='grc' dir='ltr'><strong>τῆς</strong></span> <span class='ocrx_word' id='word_1_346' title='bbox 815 3917 916 3998; x_wconf 80' lang='grc' dir='ltr'><strong>ρόσεως</strong></span> <span class='ocrx_word' id='word_1_347' title='bbox 928 3919 1006 3994; x_wconf 87' lang='grc' dir='ltr'><strong>νόμον</strong></span> 
     </span>
     <span class='ocr_line' id='line_1_42' title="bbox 228 4002 1006 4091; baseline -0.012 -22"><span class='ocrx_word' id='word_1_348' title='bbox 228 4002 309 4091; x_wconf 74' lang='grc' dir='ltr'><strong>εἶχον.</strong></span> <span class='ocrx_word' id='word_1_349' title='bbox 353 4007 407 4069; x_wconf 78' lang='grc' dir='ltr'><strong>Καὶ</strong></span> <span class='ocrx_word' id='word_1_350' title='bbox 421 4009 517 4066; x_wconf 81' lang='grc' dir='ltr'><strong>πάλιν·</strong></span> <span class='ocrx_word' id='word_1_351' title='bbox 534 4032 547 4060; x_wconf 78' lang='grc' dir='ltr'>ι</span> <span class='ocrx_word' id='word_1_352' title='bbox 563 4006 631 4074; x_wconf 73' lang='grc' dir='ltr'><strong>Δόξα</strong></span> <span class='ocrx_word' id='word_1_353' title='bbox 647 4006 691 4084; x_wconf 74' lang='grc' dir='ltr'><strong>δὲ,</strong></span> <span class='ocrx_word' id='word_1_354' title='bbox 710 4005 755 4064; x_wconf 86' lang='grc' dir='ltr'><strong>καὶ</strong></span> <span class='ocrx_word' id='word_1_355' title='bbox 767 4005 846 4083; x_wconf 79' lang='grc' dir='ltr'><strong>τιμή,</strong></span> <span class='ocrx_word' id='word_1_356' title='bbox 857 4005 902 4063; x_wconf 81' lang='grc' dir='ltr'><strong>καλ</strong></span> <span class='ocrx_word' id='word_1_357' title='bbox 917 4004 1006 4083; x_wconf 79' lang='grc' dir='ltr'><strong>εἰρήνη</strong></span> 
     </span>
     <span class='ocr_line' id='line_1_43' title="bbox 229 4091 1007 4177; baseline -0.01 -22"><span class='ocrx_word' id='word_1_358' title='bbox 229 4098 308 4156; x_wconf 86' lang='grc' dir='ltr'><strong>παντλ</strong></span> <span class='ocrx_word' id='word_1_359' title='bbox 322 4100 359 4177; x_wconf 82' lang='grc' dir='ltr'><strong>τῷ</strong></span> <span class='ocrx_word' id='word_1_360' title='bbox 373 4093 538 4176; x_wconf 80' lang='grc' dir='ltr'><strong>ἀργαζυμένῳ</strong></span> <span class='ocrx_word' id='word_1_361' title='bbox 552 4094 582 4152; x_wconf 80' lang='grc' dir='ltr'><strong>τό</strong></span> <span class='ocrx_word' id='word_1_362' title='bbox 595 4094 709 4172; x_wconf 88' lang='grc' dir='ltr'><strong>ἀγαθὸν,</strong></span> <span class='ocrx_word' id='word_1_363' title='bbox 724 4091 844 4172; x_wconf 76' lang='grc' dir='ltr'><strong>Ἰουδαίῳ</strong></span> <span class='ocrx_word' id='word_1_364' title='bbox 858 4115 887 4150; x_wconf 89' lang='grc' dir='ltr'><strong>τε</strong></span> <span class='ocrx_word' id='word_1_365' title='bbox 904 4095 1007 4170; x_wconf 89' lang='grc' dir='ltr'><strong>πρῶτον</strong></span> 
     </span>
     <span class='ocr_line' id='line_1_44' title="bbox 229 4177 1007 4258; baseline -0.006 -18"><span class='ocrx_word' id='word_1_366' title='bbox 229 4183 274 4241; x_wconf 83' lang='grc' dir='ltr'><strong>καλ</strong></span> <span class='ocrx_word' id='word_1_367' title='bbox 287 4179 411 4253; x_wconf 82' lang='grc' dir='ltr'><strong>Ἕλληνι.</strong></span> <span class='ocrx_word' id='word_1_368' title='bbox 423 4206 435 4233; x_wconf 73' lang='lat' dir='ltr'><strong>n</strong></span> <span class='ocrx_word' id='word_1_369' title='bbox 475 4184 568 4240; x_wconf 83' lang='grc' dir='ltr'><strong>Ταῦτα</strong></span> <span class='ocrx_word' id='word_1_370' title='bbox 582 4180 609 4238; x_wconf 80' lang='grc' dir='ltr'><strong>δθ</strong></span> <span class='ocrx_word' id='word_1_371' title='bbox 621 4180 693 4256; x_wconf 81' lang='grc' dir='ltr'><strong>ίλεγε</strong></span> <span class='ocrx_word' id='word_1_372' title='bbox 704 4179 764 4258; x_wconf 80' lang='grc' dir='ltr'><strong>περί</strong></span> <span class='ocrx_word' id='word_1_373' title='bbox 775 4183 826 4237; x_wconf 89' lang='grc' dir='ltr'><strong>τῶν</strong></span> <span class='ocrx_word' id='word_1_374' title='bbox 841 4177 895 4235; x_wconf 89' lang='grc' dir='ltr'><strong>ἀνω</strong></span> <span class='ocrx_word' id='word_1_375' title='bbox 906 4178 1007 4257; x_wconf 87' lang='grc' dir='ltr'><strong>χρόνων</strong></span> 
     </span>
     <span class='ocr_line' id='line_1_45' title="bbox 229 4267 1006 4347; baseline -0.003 -21"><span class='ocrx_word' id='word_1_376' title='bbox 229 4270 409 4345; x_wconf 84' lang='grc' dir='ltr'><strong>διαλεγόμενος</strong></span> <span class='ocrx_word' id='word_1_377' title='bbox 428 4272 481 4327; x_wconf 84' lang='grc' dir='ltr'><strong>τῶν</strong></span> <span class='ocrx_word' id='word_1_378' title='bbox 496 4269 548 4345; x_wconf 82' lang='grc' dir='ltr'><strong>πρὸ</strong></span> <span class='ocrx_word' id='word_1_379' title='bbox 568 4273 615 4338; x_wconf 79' lang='grc' dir='ltr'><strong>τῆς</strong></span> <span class='ocrx_word' id='word_1_380' title='bbox 640 4267 783 4347; x_wconf 89' lang='grc' dir='ltr'><strong>παρουσίας</strong></span> <span class='ocrx_word' id='word_1_381' title='bbox 804 4272 849 4325; x_wconf 90' lang='grc' dir='ltr'><strong>τοῦ</strong></span> <span class='ocrx_word' id='word_1_382' title='bbox 874 4269 1006 4345; x_wconf 84' lang='grc' dir='ltr'><strong>Χριστοῦ,</strong></span> 
     </span>
     <span class='ocr_line' id='line_1_46' title="bbox 189 4354 1007 4433; baseline -0.005 -19"><span class='ocrx_word' id='word_1_383' title='bbox 189 4367 216 4409; x_wconf 74' lang='lat' dir='ltr'><strong>ti</strong></span> <span class='ocrx_word' id='word_1_384' title='bbox 229 4358 274 4414; x_wconf 79' lang='grc' dir='ltr'><strong>καὶ</strong></span> <span class='ocrx_word' id='word_1_385' title='bbox 288 4354 410 4426; x_wconf 79' lang='grc' dir='ltr'><strong>Ἕλληνα</strong></span> <span class='ocrx_word' id='word_1_386' title='bbox 435 4359 547 4414; x_wconf 75' lang='grc' dir='ltr'><strong>ἀνταῦθα</strong></span> <span class='ocrx_word' id='word_1_387' title='bbox 568 4358 656 4413; x_wconf 90' lang='grc' dir='ltr'><strong>καλῶν</strong></span> <span class='ocrx_word' id='word_1_388' title='bbox 678 4356 707 4413; x_wconf 86' lang='grc' dir='ltr'><strong>οῦ</strong></span> <span class='ocrx_word' id='word_1_389' title='bbox 733 4354 777 4412; x_wconf 85' lang='grc' dir='ltr'><strong>τὸν</strong></span> <span class='ocrx_word' id='word_1_390' title='bbox 801 4354 1007 4433; x_wconf 80' lang='grc' dir='ltr'><strong>είδωλολότρην,</strong></span> 
     </span>
     <span class='ocr_line' id='line_1_47' title="bbox 232 4441 1006 4520; baseline -0.008 -19"><span class='ocrx_word' id='word_1_391' title='bbox 232 4442 301 4502; x_wconf 82' lang='grc' dir='ltr'><strong>ἀλλά</strong></span> <span class='ocrx_word' id='word_1_392' title='bbox 321 4442 364 4501; x_wconf 86' lang='grc' dir='ltr'><strong>τθν</strong></span> <span class='ocrx_word' id='word_1_393' title='bbox 380 4450 575 4520; x_wconf 89' lang='grc' dir='ltr'><strong>προσκυνοῦντα</strong></span> <span class='ocrx_word' id='word_1_394' title='bbox 593 4441 640 4518; x_wconf 75' lang='grc' dir='ltr'><strong>μέν</strong></span> <span class='ocrx_word' id='word_1_395' title='bbox 655 4444 698 4500; x_wconf 81' lang='grc' dir='ltr'><strong>τόν</strong></span> <span class='ocrx_word' id='word_1_396' title='bbox 715 4441 784 4504; x_wconf 82' lang='grc' dir='ltr'><strong>Θεδν</strong></span> <span class='ocrx_word' id='word_1_397' title='bbox 800 4441 894 4519; x_wconf 86' lang='grc' dir='ltr'><strong>μόνον,</strong></span> <span class='ocrx_word' id='word_1_398' title='bbox 908 4444 954 4500; x_wconf 83' lang='grc' dir='ltr'><strong>οὐκ</strong></span> <span class='ocrx_word' id='word_1_399' title='bbox 965 4444 1006 4499; x_wconf 79' lang='grc' dir='ltr'><strong>ἐν·</strong></span> 
     </span>
    </p>

    <p class='ocr_par' dir='ltr' id='par_1_7' title="bbox 157 4525 1005 4784">
     <span class='ocr_line' id='line_1_48' title="bbox 157 4525 1005 4608; baseline -0.007 -19"><span class='ocrx_word' id='word_1_400' title='bbox 157 4580 162 4589; x_wconf 90' lang='grc'><strong>.</strong></span> <span class='ocrx_word' id='word_1_401' title='bbox 229 4528 365 4606; x_wconf 79' lang='grc' dir='ltr'><strong>δεδεμένον</strong></span> <span class='ocrx_word' id='word_1_402' title='bbox 380 4531 407 4588; x_wconf 76' lang='grc' dir='ltr'><strong>δὲ</strong></span> <span class='ocrx_word' id='word_1_403' title='bbox 424 4552 457 4607; x_wconf 89' lang='grc' dir='ltr'><strong>τη</strong></span> <span class='ocrx_word' id='word_1_404' title='bbox 470 4532 521 4587; x_wconf 90' lang='grc' dir='ltr'><strong>τῶν</strong></span> <span class='ocrx_word' id='word_1_405' title='bbox 536 4529 686 4590; x_wconf 81' lang='grc' dir='ltr'><strong>Ἰουδαϊκῶν</strong></span> <span class='ocrx_word' id='word_1_406' title='bbox 699 4529 906 4608; x_wconf 83' lang='grc' dir='ltr'><strong>παρατηρήσεων</strong></span> <span class='ocrx_word' id='word_1_407' title='bbox 921 4525 1005 4605; x_wconf 87' lang='grc' dir='ltr'><strong>ἀνοίγ-</strong></span> 
     </span>
     <span class='ocr_line' id='line_1_49' title="bbox 228 4615 1005 4697; baseline -0.005 -22"><span class='ocrx_word' id='word_1_408' title='bbox 228 4641 278 4697; x_wconf 79' lang='grc' dir='ltr'><strong>κῃ,</strong></span> <span class='ocrx_word' id='word_1_409' title='bbox 301 4616 492 4692; x_wconf 78' lang='grc' dir='ltr'><strong>σαόόατισμοῖς</strong></span> <span class='ocrx_word' id='word_1_410' title='bbox 511 4616 580 4694; x_wconf 81' lang='grc' dir='ltr'><strong>λέγω</strong></span> <span class='ocrx_word' id='word_1_411' title='bbox 602 4617 648 4675; x_wconf 83' lang='grc' dir='ltr'><strong>καλ</strong></span> <span class='ocrx_word' id='word_1_412' title='bbox 667 4619 795 4697; x_wconf 85' lang='grc' dir='ltr'><strong>περιτομῇ</strong></span> <span class='ocrx_word' id='word_1_413' title='bbox 817 4615 862 4675; x_wconf 83' lang='grc' dir='ltr'><strong>καὶ</strong></span> <span class='ocrx_word' id='word_1_414' title='bbox 894 4618 1005 4692; x_wconf 89' lang='grc' dir='ltr'><strong>καθαρι-</strong></span> 
     </span>
     <span class='ocr_line' id='line_1_50' title="bbox 229 4702 1003 4784; baseline -0.005 -21"><span class='ocrx_word' id='word_1_415' title='bbox 229 4714 306 4782; x_wconf 88' lang='grc' dir='ltr'><strong>σμοῑς</strong></span> <span class='ocrx_word' id='word_1_416' title='bbox 320 4703 463 4782; x_wconf 73' lang='grc' dir='ltr'><strong>διαφόροις,</strong></span> <span class='ocrx_word' id='word_1_417' title='bbox 485 4704 553 4764; x_wconf 75' lang='grc' dir='ltr'><strong>ἀλλά</strong></span> <span class='ocrx_word' id='word_1_418' title='bbox 574 4705 726 4784; x_wconf 82' lang='grc' dir='ltr'><strong>ιριλοσορίαν</strong></span> <span class='ocrx_word' id='word_1_419' title='bbox 741 4703 848 4763; x_wconf 80' lang='grc' dir='ltr'><strong>ἀπασαν</strong></span> <span class='ocrx_word' id='word_1_420' title='bbox 872 4702 1003 4760; x_wconf 79' lang='grc' dir='ltr'><strong>καλεῦσι·</strong></span> 
     </span>
    </p>

    <p class='ocr_par' dir='ltr' id='par_1_8' title="bbox 188 4790 1007 5217">
     <span class='ocr_line' id='line_1_51' title="bbox 188 4790 1005 4868; baseline -0.007 -15"><span class='ocrx_word' id='word_1_421' title='bbox 188 4812 216 4852; x_wconf 86' lang='grc' dir='ltr'><strong>οο</strong></span> <span class='ocrx_word' id='word_1_422' title='bbox 229 4793 302 4853; x_wconf 79' lang='grc' dir='ltr'><strong>ῦιιαν</strong></span> <span class='ocrx_word' id='word_1_423' title='bbox 326 4791 546 4866; x_wconf 71' lang='grc' dir='ltr'><strong>ἐπιδεικνύμενον.</strong></span> <span class='ocrx_word' id='word_1_424' title='bbox 588 4792 642 4853; x_wconf 71' lang='grc' dir='ltr'><strong>Καὶ</strong></span> <span class='ocrx_word' id='word_1_425' title='bbox 665 4793 744 4853; x_wconf 75' lang='grc' dir='ltr'><strong>πάλιν</strong></span> <span class='ocrx_word' id='word_1_426' title='bbox 770 4791 830 4868; x_wconf 78' lang='grc' dir='ltr'><strong>περί</strong></span> <span class='ocrx_word' id='word_1_427' title='bbox 853 4793 901 4848; x_wconf 88' lang='grc' dir='ltr'><strong>τοῦ</strong></span> <span class='ocrx_word' id='word_1_428' title='bbox 928 4790 1005 4847; x_wconf 86' lang='grc' dir='ltr'><strong>αῦτου</strong></span> 
     </span>
     <span class='ocr_line' id='line_1_52' title="bbox 227 4875 1005 4961; baseline -0.012 -19"><span class='ocrx_word' id='word_1_429' title='bbox 227 4878 410 4961; x_wconf 66' lang='grc' dir='ltr'><strong>διαλεγόμενός</strong></span> <span class='ocrx_word' id='word_1_430' title='bbox 437 4900 520 4958; x_wconf 63' lang='grc' dir='ltr'><strong>φησι,</strong></span> <span class='ocrx_word' id='word_1_431' title='bbox 546 4905 559 4932; x_wconf 79' lang='grc'><strong>«</strong></span> <span class='ocrx_word' id='word_1_432' title='bbox 580 4880 672 4956; x_wconf 81' lang='grc' dir='ltr'><strong>Θυμθς</strong></span> <span class='ocrx_word' id='word_1_433' title='bbox 691 4879 735 4939; x_wconf 84' lang='grc' dir='ltr'><strong>καλ</strong></span> <span class='ocrx_word' id='word_1_434' title='bbox 755 4877 836 4958; x_wconf 81' lang='grc' dir='ltr'><strong>ἀργή,</strong></span> <span class='ocrx_word' id='word_1_435' title='bbox 851 4878 935 4955; x_wconf 72' lang='grc' dir='ltr'><strong>θλίψις</strong></span> <span class='ocrx_word' id='word_1_436' title='bbox 960 4875 1005 4933; x_wconf 85' lang='grc' dir='ltr'><strong>καλ</strong></span> 
     </span>
     <span class='ocr_line' id='line_1_53' title="bbox 227 4965 1004 5047; baseline -0.013 -18"><span class='ocrx_word' id='word_1_437' title='bbox 227 4965 389 5047; x_wconf 83' lang='grc' dir='ltr'><strong>στενοχωρία</strong></span> <span class='ocrx_word' id='word_1_438' title='bbox 405 4965 449 5024; x_wconf 74' lang='lat' dir='ltr'><strong>int</strong></span> <span class='ocrx_word' id='word_1_439' title='bbox 463 4974 551 5022; x_wconf 80' lang='grc' dir='ltr'><strong>πᾶσαν</strong></span> <span class='ocrx_word' id='word_1_440' title='bbox 564 4967 650 5045; x_wconf 81' lang='grc' dir='ltr'><strong>ψυχὴν</strong></span> <span class='ocrx_word' id='word_1_441' title='bbox 664 4966 799 5044; x_wconf 80' lang='grc' dir='ltr'><strong>ἀνθρώπου</strong></span> <span class='ocrx_word' id='word_1_442' title='bbox 813 4969 858 5022; x_wconf 92' lang='grc' dir='ltr'><strong>τοῦ</strong></span> <span class='ocrx_word' id='word_1_443' title='bbox 876 4985 1004 5042; x_wconf 86' lang='grc' dir='ltr'><strong>κατεργα-</strong></span> 
     </span>
     <span class='ocr_line' id='line_1_54' title="bbox 228 5049 1005 5131; baseline -0.005 -19"><span class='ocrx_word' id='word_1_444' title='bbox 228 5057 335 5130; x_wconf 82' lang='grc' dir='ltr'><strong>ζομένου</strong></span> <span class='ocrx_word' id='word_1_445' title='bbox 345 5054 374 5112; x_wconf 84' lang='grc' dir='ltr'><strong>τὸ</strong></span> <span class='ocrx_word' id='word_1_446' title='bbox 388 5051 485 5121; x_wconf 79' lang='grc' dir='ltr'><strong>κακόν,</strong></span> <span class='ocrx_word' id='word_1_447' title='bbox 499 5050 626 5111; x_wconf 86' lang='grc' dir='ltr'><strong>Ἰουδαίου</strong></span> <span class='ocrx_word' id='word_1_448' title='bbox 636 5076 663 5112; x_wconf 84' lang='grc' dir='ltr'><strong>τε</strong></span> <span class='ocrx_word' id='word_1_449' title='bbox 675 5057 778 5131; x_wconf 89' lang='grc' dir='ltr'><strong>πρῶτον</strong></span> <span class='ocrx_word' id='word_1_450' title='bbox 792 5051 837 5110; x_wconf 81' lang='grc' dir='ltr'><strong>καὶ</strong></span> <span class='ocrx_word' id='word_1_451' title='bbox 847 5049 1005 5121; x_wconf 75' lang='grc' dir='ltr'><strong>Ἕλληνος.»</strong></span> 
     </span>
     <span class='ocr_line' id='line_1_55' title="bbox 228 5137 1007 5217; baseline -0.006 -18"><span class='ocrx_word' id='word_1_452' title='bbox 228 5141 315 5202; x_wconf 83' lang='grc' dir='ltr'><strong>Πόλιν</strong></span> <span class='ocrx_word' id='word_1_453' title='bbox 330 5143 440 5201; x_wconf 70' lang='grc' dir='ltr'><strong>ἐνταῦθα</strong></span> <span class='ocrx_word' id='word_1_454' title='bbox 453 5138 574 5213; x_wconf 80' lang='grc' dir='ltr'><strong>Ἕλληνα</strong></span> <span class='ocrx_word' id='word_1_455' title='bbox 589 5143 664 5200; x_wconf 82' lang='grc' dir='ltr'><strong>καλεῖ</strong></span> <span class='ocrx_word' id='word_1_456' title='bbox 680 5142 723 5201; x_wconf 81' lang='grc' dir='ltr'><strong>τόν</strong></span> <span class='ocrx_word' id='word_1_457' title='bbox 740 5137 941 5217; x_wconf 83' lang='grc' dir='ltr'><strong>ἀπηλλαγμένον</strong></span> <span class='ocrx_word' id='word_1_458' title='bbox 960 5141 1007 5207; x_wconf 77' lang='grc' dir='ltr'><strong>τῆς</strong></span> 
     </span>
    </p>
   </div>
   <div class='ocr_carea' id='block_1_5' title="bbox 754 389 1315 453">
    <p class='ocr_par' dir='ltr' id='par_1_9' title="bbox 754 389 1315 453">
     <span class='ocr_line' id='line_1_56' title="bbox 754 389 1315 453; baseline 0.011 -6"><span class='ocrx_word' id='word_1_459' title='bbox 754 389 807 447; x_wconf 79' lang='grc' dir='ltr'><strong>ΑΙ)</strong></span> <span class='ocrx_word' id='word_1_460' title='bbox 830 389 1015 451; x_wconf 85' lang='lat' dir='ltr'><strong>POPULUM</strong></span> <span class='ocrx_word' id='word_1_461' title='bbox 1032 390 1315 453; x_wconf 76' lang='lat' dir='ltr'><strong>tuulocnuuuu</strong></span> 
     </span>
    </p>
   </div>
   <div class='ocr_carea' id='block_1_6' title="bbox 1711 396 1824 473">
    <p class='ocr_par' dir='ltr' id='par_1_10' title="bbox 1711 396 1824 473">
     <span class='ocr_line' id='line_1_57' title="bbox 1711 396 1824 473; baseline -0.009 -6"><span class='ocrx_word' id='word_1_462' title='bbox 1711 396 1824 473; x_wconf 76' lang='lat' dir='ltr'><strong>(¹¹2,qu</strong></span> 
     </span>
    </p>
   </div>
   <div class='ocr_carea' id='block_1_7' title="bbox 1050 528 1913 4533">
    <p class='ocr_par' dir='ltr' id='par_1_11' title="bbox 1050 528 1865 4251">
     <span class='ocr_line' id='line_1_58' title="bbox 1051 528 1865 600; baseline 0.01 -22"><span class='ocrx_word' id='word_1_463' title='bbox 1051 529 1111 589; x_wconf 83' lang='lat' dir='ltr'><strong>bue,</strong></span> <span class='ocrx_word' id='word_1_464' title='bbox 1123 528 1154 579; x_wconf 90' lang='lat' dir='ltr'><strong>de</strong></span> <span class='ocrx_word' id='word_1_465' title='bbox 1164 532 1332 593; x_wconf 72' lang='lat' dir='ltr'><strong>testamentis,</strong></span> <span class='ocrx_word' id='word_1_466' title='bbox 1345 532 1376 582; x_wconf 87' lang='lat' dir='ltr'><strong>de</strong></span> <span class='ocrx_word' id='word_1_467' title='bbox 1386 531 1513 595; x_wconf 75' lang='lat' dir='ltr'><strong>depositio,</strong></span> <span class='ocrx_word' id='word_1_468' title='bbox 1524 531 1556 581; x_wconf 88' lang='lat' dir='ltr'><strong>de</strong></span> <span class='ocrx_word' id='word_1_469' title='bbox 1565 534 1678 596; x_wconf 76' lang='lat' dir='ltr'><strong>proximis</strong></span> <span class='ocrx_word' id='word_1_470' title='bbox 1687 548 1737 584; x_wconf 84' lang='lat' dir='ltr'><strong>oon</strong></span> <span class='ocrx_word' id='word_1_471' title='bbox 1751 539 1833 600; x_wconf 85' lang='lat' dir='ltr'><strong>oppri-</strong></span> <span class='ocrx_word' id='word_1_472' title='bbox 1861 592 1865 599; x_wconf 51' lang='grc'><strong>,</strong></span> 
     </span>
     <span class='ocr_line' id='line_1_59' title="bbox 1052 629 1833 696; baseline 0.012 -19"><span class='ocrx_word' id='word_1_473' title='bbox 1052 629 1159 689; x_wconf 76' lang='lat' dir='ltr'><strong>mendic,</strong></span> <span class='ocrx_word' id='word_1_474' title='bbox 1185 629 1216 679; x_wconf 85' lang='lat' dir='ltr'><strong>de</strong></span> <span class='ocrx_word' id='word_1_475' title='bbox 1240 630 1339 680; x_wconf 79' lang='lat' dir='ltr'><strong>intiuitie</strong></span> <span class='ocrx_word' id='word_1_476' title='bbox 1366 631 1418 681; x_wconf 76' lang='lat' dir='ltr'><strong>otiis</strong></span> <span class='ocrx_word' id='word_1_477' title='bbox 1447 633 1509 694; x_wconf 73' lang='lat' dir='ltr'><strong>iegce</strong></span> <span class='ocrx_word' id='word_1_478' title='bbox 1532 632 1594 694; x_wconf 76' lang='lat' dir='ltr'><strong>oport</strong></span> <span class='ocrx_word' id='word_1_479' title='bbox 1616 646 1659 682; x_wconf 86' lang='grc' dir='ltr'><strong>οοε</strong></span> <span class='ocrx_word' id='word_1_480' title='bbox 1683 635 1833 696; x_wconf 79' lang='grc' dir='ltr'><strong>οοτὶραετιιαι</strong></span> 
     </span>
     <span class='ocr_line' id='line_1_60' title="bbox 1051 730 1831 794; baseline 0.008 -16"><span class='ocrx_word' id='word_1_481' title='bbox 1051 730 1212 792; x_wconf 73' lang='lat' dir='ltr'><strong>legislatores?</strong></span> <span class='ocrx_word' id='word_1_482' title='bbox 1225 731 1256 779; x_wconf 85' lang='lat' dir='ltr'><strong>iti</strong></span> <span class='ocrx_word' id='word_1_483' title='bbox 1269 731 1358 793; x_wconf 83' lang='lat' dir='ltr'><strong>quippe</strong></span> <span class='ocrx_word' id='word_1_484' title='bbox 1374 737 1504 794; x_wconf 78' lang='lat' dir='ltr'><strong>prmeeutee</strong></span> <span class='ocrx_word' id='word_1_485' title='bbox 1525 732 1609 781; x_wconf 81' lang='lat' dir='ltr'><strong>tortee</strong></span> <span class='ocrx_word' id='word_1_486' title='bbox 1625 732 1757 793; x_wconf 72' lang='lat' dir='ltr'><strong>motorium</strong></span> <span class='ocrx_word' id='word_1_487' title='bbox 1773 738 1831 784; x_wconf 79' lang='lat' dir='ltr'><strong>notu</strong></span> 
     </span>
     <span class='ocr_line' id='line_1_61' title="bbox 1051 826 1829 895; baseline 0.008 -20"><span class='ocrx_word' id='word_1_488' title='bbox 1051 826 1200 890; x_wconf 80' lang='lat' dir='ltr'><strong>didicerunt,</strong></span> <span class='ocrx_word' id='word_1_489' title='bbox 1221 836 1245 879; x_wconf 85' lang='lat' dir='ltr'><strong>et</strong></span> <span class='ocrx_word' id='word_1_490' title='bbox 1260 829 1321 878; x_wconf 83' lang='lat' dir='ltr'><strong>iiiia</strong></span> <span class='ocrx_word' id='word_1_491' title='bbox 1339 831 1474 893; x_wconf 79' lang='lat' dir='ltr'><strong>prioribus,</strong></span> <span class='ocrx_word' id='word_1_492' title='bbox 1485 833 1511 881; x_wconf 84' lang='lat' dir='ltr'><strong>et</strong></span> <span class='ocrx_word' id='word_1_493' title='bbox 1525 846 1620 881; x_wconf 75' lang='lat' dir='ltr'><strong>rursum</strong></span> <span class='ocrx_word' id='word_1_494' title='bbox 1634 846 1649 881; x_wconf 80' lang='lat' dir='ltr'><strong>a</strong></span> <span class='ocrx_word' id='word_1_495' title='bbox 1662 834 1829 895; x_wconf 79' lang='lat' dir='ltr'><strong>superioribas</strong></span> 
     </span>
     <span class='ocr_line' id='line_1_62' title="bbox 1052 924 1834 990; baseline 0.006 -19"><span class='ocrx_word' id='word_1_496' title='bbox 1052 924 1090 972; x_wconf 80' lang='lat' dir='ltr'><strong>isti</strong></span> <span class='ocrx_word' id='word_1_497' title='bbox 1105 938 1111 967; x_wconf 75' lang='grc' dir='ltr'><strong>τ</strong></span> <span class='ocrx_word' id='word_1_498' title='bbox 1125 925 1166 986; x_wconf 85' lang='lat' dir='ltr'><strong>qui</strong></span> <span class='ocrx_word' id='word_1_499' title='bbox 1179 938 1235 974; x_wconf 80' lang='lat' dir='ltr'><strong>vero</strong></span> <span class='ocrx_word' id='word_1_500' title='bbox 1248 926 1279 974; x_wconf 82' lang='lat' dir='ltr'><strong>ob</strong></span> <span class='ocrx_word' id='word_1_501' title='bbox 1291 926 1358 976; x_wconf 89' lang='lat' dir='ltr'><strong>initio</strong></span> <span class='ocrx_word' id='word_1_502' title='bbox 1369 930 1394 976; x_wconf 88' lang='lat' dir='ltr'><strong>et</strong></span> <span class='ocrx_word' id='word_1_503' title='bbox 1407 927 1477 990; x_wconf 87' lang='lat' dir='ltr'><strong>primi</strong></span> <span class='ocrx_word' id='word_1_504' title='bbox 1489 928 1552 990; x_wconf 81' lang='lat' dir='ltr'><strong>apud</strong></span> <span class='ocrx_word' id='word_1_505' title='bbox 1562 941 1603 977; x_wconf 82' lang='grc' dir='ltr'><strong>οοε</strong></span> <span class='ocrx_word' id='word_1_506' title='bbox 1613 928 1676 990; x_wconf 78' lang='lat' dir='ltr'><strong>tegra</strong></span> <span class='ocrx_word' id='word_1_507' title='bbox 1685 930 1834 989; x_wconf 62' lang='lat' dir='ltr'><strong>tritomum</strong></span> 
     </span>
     <span class='ocr_line' id='line_1_63' title="bbox 1052 1024 1831 1091; baseline 0.01 -21"><span class='ocrx_word' id='word_1_508' title='bbox 1052 1038 1101 1085; x_wconf 83' lang='lat' dir='ltr'><strong>qao</strong></span> <span class='ocrx_word' id='word_1_509' title='bbox 1113 1024 1265 1075; x_wconf 81' lang='lat' dir='ltr'><strong>didicerunt?</strong></span> <span class='ocrx_word' id='word_1_510' title='bbox 1280 1040 1360 1076; x_wconf 80' lang='lat' dir='ltr'><strong>enrico</strong></span> <span class='ocrx_word' id='word_1_511' title='bbox 1376 1028 1483 1089; x_wconf 84' lang='lat' dir='ltr'><strong>utiquea</strong></span> <span class='ocrx_word' id='word_1_512' title='bbox 1496 1029 1657 1079; x_wconf 74' lang='lat' dir='ltr'><strong>conscientia?</strong></span> <span class='ocrx_word' id='word_1_513' title='bbox 1675 1042 1755 1091; x_wconf 77' lang='lat' dir='ltr'><strong>nenne</strong></span> <span class='ocrx_word' id='word_1_514' title='bbox 1767 1030 1831 1078; x_wconf 74' lang='lat' dir='ltr'><strong>urim</strong></span> 
     </span>
     <span class='ocr_line' id='line_1_64' title="bbox 1053 1123 1835 1192; baseline 0.012 -21"><span class='ocrx_word' id='word_1_515' title='bbox 1053 1123 1132 1173; x_wconf 84' lang='lat' dir='ltr'><strong>dicere</strong></span> <span class='ocrx_word' id='word_1_516' title='bbox 1143 1131 1255 1186; x_wconf 66' lang='lat' dir='ltr'><strong>ponent,</strong></span> <span class='ocrx_word' id='word_1_517' title='bbox 1270 1128 1335 1188; x_wconf 85' lang='lat' dir='ltr'><strong>quod</strong></span> <span class='ocrx_word' id='word_1_518' title='bbox 1350 1141 1406 1176; x_wconf 88' lang='lat' dir='ltr'><strong>cum</strong></span> <span class='ocrx_word' id='word_1_519' title='bbox 1425 1129 1490 1177; x_wconf 81' lang='lat' dir='ltr'><strong>Mose</strong></span> <span class='ocrx_word' id='word_1_520' title='bbox 1505 1129 1607 1189; x_wconf 85' lang='lat' dir='ltr'><strong>tuerint,</strong></span> <span class='ocrx_word' id='word_1_521' title='bbox 1624 1130 1689 1191; x_wconf 87' lang='lat' dir='ltr'><strong>quod</strong></span> <span class='ocrx_word' id='word_1_522' title='bbox 1705 1129 1835 1192; x_wconf 70' lang='lat' dir='ltr'><strong>prophetae</strong></span> 
     </span>
     <span class='ocr_line' id='line_1_65' title="bbox 1053 1223 1836 1292; baseline 0.009 -22"><span class='ocrx_word' id='word_1_523' title='bbox 1053 1223 1169 1272; x_wconf 77' lang='lat' dir='ltr'><strong>audierint</strong></span> <span class='ocrx_word' id='word_1_524' title='bbox 1183 1238 1189 1271; x_wconf 91' lang='lat'>:</span> <span class='ocrx_word' id='word_1_525' title='bbox 1202 1227 1326 1286; x_wconf 87' lang='lat' dir='ltr'><strong>quomodo</strong></span> <span class='ocrx_word' id='word_1_526' title='bbox 1344 1227 1408 1275; x_wconf 88' lang='lat' dir='ltr'><strong>enirn</strong></span> <span class='ocrx_word' id='word_1_527' title='bbox 1423 1226 1465 1289; x_wconf 84' lang='lat' dir='ltr'><strong>qui</strong></span> <span class='ocrx_word' id='word_1_528' title='bbox 1481 1228 1580 1289; x_wconf 78' lang='lat' dir='ltr'><strong>gentitee</strong></span> <span class='ocrx_word' id='word_1_529' title='bbox 1597 1230 1685 1278; x_wconf 81' lang='lat' dir='ltr'><strong>erautt</strong></span> <span class='ocrx_word' id='word_1_530' title='bbox 1699 1229 1746 1278; x_wconf 87' lang='lat' dir='ltr'><strong>sed</strong></span> <span class='ocrx_word' id='word_1_531' title='bbox 1770 1233 1836 1292; x_wconf 75' lang='lat' dir='ltr'><strong>putet</strong></span> 
     </span>
     <span class='ocr_line' id='line_1_66' title="bbox 1052 1325 1837 1388; baseline 0.001 -16"><span class='ocrx_word' id='word_1_532' title='bbox 1052 1336 1094 1372; x_wconf 78' lang='lat' dir='ltr'><strong>eoa</strong></span> <span class='ocrx_word' id='word_1_533' title='bbox 1106 1336 1120 1372; x_wconf 83' lang='lat' dir='ltr'><strong>a</strong></span> <span class='ocrx_word' id='word_1_534' title='bbox 1134 1325 1197 1385; x_wconf 83' lang='lat' dir='ltr'><strong>iege,</strong></span> <span class='ocrx_word' id='word_1_535' title='bbox 1210 1338 1284 1387; x_wconf 83' lang='lat' dir='ltr'><strong>quarn</strong></span> <span class='ocrx_word' id='word_1_536' title='bbox 1295 1325 1415 1374; x_wconf 79' lang='lat' dir='ltr'><strong>nominem</strong></span> <span class='ocrx_word' id='word_1_537' title='bbox 1429 1326 1519 1388; x_wconf 81' lang='lat' dir='ltr'><strong>tingens</strong></span> <span class='ocrx_word' id='word_1_538' title='bbox 1531 1328 1597 1375; x_wconf 83' lang='lat' dir='ltr'><strong>Deus</strong></span> <span class='ocrx_word' id='word_1_539' title='bbox 1610 1325 1641 1374; x_wconf 79' lang='lat' dir='ltr'><strong>ab</strong></span> <span class='ocrx_word' id='word_1_540' title='bbox 1653 1326 1722 1376; x_wconf 84' lang='lat' dir='ltr'><strong>initio</strong></span> <span class='ocrx_word' id='word_1_541' title='bbox 1739 1325 1784 1388; x_wconf 83' lang='lat' dir='ltr'><strong>ipsi</strong></span> <span class='ocrx_word' id='word_1_542' title='bbox 1797 1340 1837 1388; x_wconf 79' lang='lat' dir='ltr'><strong>po</strong></span> 
     </span>
     <span class='ocr_line' id='line_1_67' title="bbox 1053 1421 1835 1485; baseline 0.005 -16"><span class='ocrx_word' id='word_1_543' title='bbox 1053 1421 1114 1480; x_wconf 79' lang='lat' dir='ltr'><strong>suit,</strong></span> <span class='ocrx_word' id='word_1_544' title='bbox 1128 1421 1159 1470; x_wconf 85' lang='lat' dir='ltr'><strong>ob</strong></span> <span class='ocrx_word' id='word_1_545' title='bbox 1175 1422 1220 1471; x_wconf 86' lang='lat' dir='ltr'><strong>trac</strong></span> <span class='ocrx_word' id='word_1_546' title='bbox 1237 1427 1261 1472; x_wconf 92' lang='lat' dir='ltr'><strong>et</strong></span> <span class='ocrx_word' id='word_1_547' title='bbox 1277 1424 1341 1483; x_wconf 77' lang='lat' dir='ltr'><strong>teges</strong></span> <span class='ocrx_word' id='word_1_548' title='bbox 1365 1424 1473 1485; x_wconf 76' lang='lat' dir='ltr'><strong>posuisse</strong></span> <span class='ocrx_word' id='word_1_549' title='bbox 1492 1436 1562 1485; x_wconf 77' lang='lat' dir='ltr'><strong>suaa,</strong></span> <span class='ocrx_word' id='word_1_550' title='bbox 1578 1427 1604 1473; x_wconf 88' lang='lat' dir='ltr'><strong>et</strong></span> <span class='ocrx_word' id='word_1_551' title='bbox 1623 1427 1687 1472; x_wconf 77' lang='lat' dir='ltr'><strong>ortes</strong></span> <span class='ocrx_word' id='word_1_552' title='bbox 1698 1424 1835 1482; x_wconf 71' lang='lat' dir='ltr'><strong>invenisse,</strong></span> 
     </span>
     <span class='ocr_line' id='line_1_68' title="bbox 1051 1519 1835 1582; baseline 0.003 -14"><span class='ocrx_word' id='word_1_553' title='bbox 1051 1519 1145 1581; x_wconf 82' lang='lat' dir='ltr'><strong>otiaque</strong></span> <span class='ocrx_word' id='word_1_554' title='bbox 1156 1521 1237 1570; x_wconf 84' lang='lat' dir='ltr'><strong>omnio</strong></span> <span class='ocrx_word' id='word_1_555' title='bbox 1251 1540 1258 1569; x_wconf 87' lang='lat'>:</span> <span class='ocrx_word' id='word_1_556' title='bbox 1272 1522 1359 1570; x_wconf 81' lang='lat' dir='ltr'><strong>etenim</strong></span> <span class='ocrx_word' id='word_1_557' title='bbox 1374 1525 1398 1571; x_wconf 84' lang='lat' dir='ltr'><strong>et</strong></span> <span class='ocrx_word' id='word_1_558' title='bbox 1415 1524 1477 1571; x_wconf 81' lang='lat' dir='ltr'><strong>artes</strong></span> <span class='ocrx_word' id='word_1_559' title='bbox 1488 1522 1523 1570; x_wconf 84' lang='lat' dir='ltr'><strong>oie</strong></span> <span class='ocrx_word' id='word_1_560' title='bbox 1538 1521 1676 1570; x_wconf 64' lang='lat' dir='ltr'><strong>constitute</strong></span> <span class='ocrx_word' id='word_1_561' title='bbox 1687 1525 1760 1582; x_wconf 79' lang='lat' dir='ltr'><strong>erunt,</strong></span> <span class='ocrx_word' id='word_1_562' title='bbox 1777 1536 1835 1571; x_wconf 85' lang='lat' dir='ltr'><strong>cum</strong></span> 
     </span>
     <span class='ocr_line' id='line_1_69' title="bbox 1053 1614 1833 1677; baseline 0.01 -17"><span class='ocrx_word' id='word_1_563' title='bbox 1053 1614 1122 1674; x_wconf 88' lang='lat' dir='ltr'><strong>prisci</strong></span> <span class='ocrx_word' id='word_1_564' title='bbox 1138 1614 1171 1662; x_wconf 88' lang='lat' dir='ltr'><strong>itti</strong></span> <span class='ocrx_word' id='word_1_565' title='bbox 1181 1617 1265 1676; x_wconf 89' lang='lat' dir='ltr'><strong>suopte</strong></span> <span class='ocrx_word' id='word_1_566' title='bbox 1274 1615 1367 1677; x_wconf 78' lang='lat' dir='ltr'><strong>ingenio</strong></span> <span class='ocrx_word' id='word_1_567' title='bbox 1378 1616 1409 1664; x_wconf 85' lang='lat' dir='ltr'><strong>ed</strong></span> <span class='ocrx_word' id='word_1_568' title='bbox 1422 1616 1474 1665; x_wconf 82' lang='lat' dir='ltr'><strong>ities</strong></span> <span class='ocrx_word' id='word_1_569' title='bbox 1490 1630 1619 1666; x_wconf 73' lang='lat' dir='ltr'><strong>accccsere.</strong></span> <span class='ocrx_word' id='word_1_570' title='bbox 1653 1619 1694 1668; x_wconf 87' lang='lat' dir='ltr'><strong>Sic</strong></span> <span class='ocrx_word' id='word_1_571' title='bbox 1707 1622 1732 1666; x_wconf 85' lang='lat' dir='ltr'><strong>ct</strong></span> <span class='ocrx_word' id='word_1_572' title='bbox 1739 1617 1833 1677; x_wconf 74' lang='lat' dir='ltr'><strong>judicio</strong></span> 
     </span>
     <span class='ocr_line' id='line_1_70' title="bbox 1052 1713 1838 1778; baseline 0.003 -15"><span class='ocrx_word' id='word_1_573' title='bbox 1052 1714 1176 1772; x_wconf 80' lang='lat' dir='ltr'><strong>instituta,</strong></span> <span class='ocrx_word' id='word_1_574' title='bbox 1193 1713 1227 1762; x_wconf 82' lang='lat' dir='ltr'><strong>sic</strong></span> <span class='ocrx_word' id='word_1_575' title='bbox 1245 1717 1269 1763; x_wconf 87' lang='lat' dir='ltr'><strong>et</strong></span> <span class='ocrx_word' id='word_1_576' title='bbox 1285 1728 1362 1775; x_wconf 77' lang='lat' dir='ltr'><strong>pcenre</strong></span> <span class='ocrx_word' id='word_1_577' title='bbox 1380 1714 1487 1764; x_wconf 83' lang='lat' dir='ltr'><strong>deiroiire</strong></span> <span class='ocrx_word' id='word_1_578' title='bbox 1506 1721 1584 1765; x_wconf 80' lang='lat' dir='ltr'><strong>sunt:</strong></span> <span class='ocrx_word' id='word_1_579' title='bbox 1610 1716 1676 1778; x_wconf 85' lang='lat' dir='ltr'><strong>quod</strong></span> <span class='ocrx_word' id='word_1_580' title='bbox 1701 1729 1791 1778; x_wconf 83' lang='lat' dir='ltr'><strong>uetnpc</strong></span> <span class='ocrx_word' id='word_1_581' title='bbox 1810 1721 1838 1765; x_wconf 84' lang='lat' dir='ltr'><strong>et</strong></span> 
     </span>
     <span class='ocr_line' id='line_1_71' title="bbox 1053 1814 1836 1876; baseline 0.001 -13"><span class='ocrx_word' id='word_1_582' title='bbox 1053 1815 1143 1863; x_wconf 84' lang='lat' dir='ltr'><strong>Peuiue</strong></span> <span class='ocrx_word' id='word_1_583' title='bbox 1158 1815 1224 1863; x_wconf 86' lang='lat' dir='ltr'><strong>dicit.</strong></span> <span class='ocrx_word' id='word_1_584' title='bbox 1257 1816 1319 1873; x_wconf 82' lang='lat' dir='ltr'><strong>Quin</strong></span> <span class='ocrx_word' id='word_1_585' title='bbox 1332 1817 1397 1864; x_wconf 86' lang='lat' dir='ltr'><strong>cuim</strong></span> <span class='ocrx_word' id='word_1_586' title='bbox 1409 1815 1431 1864; x_wconf 89' lang='lat' dir='ltr'><strong>ei</strong></span> <span class='ocrx_word' id='word_1_587' title='bbox 1444 1815 1567 1876; x_wconf 75' lang='lat' dir='ltr'><strong>gentilium</strong></span> <span class='ocrx_word' id='word_1_588' title='bbox 1580 1816 1650 1865; x_wconf 89' lang='lat' dir='ltr'><strong>multi</strong></span> <span class='ocrx_word' id='word_1_589' title='bbox 1659 1814 1836 1865; x_wconf 75' lang='lat' dir='ltr'><strong>contradicturi</strong></span> 
     </span>
     <span class='ocr_line' id='line_1_72' title="bbox 1052 1908 1839 1973; baseline 0.008 -18"><span class='ocrx_word' id='word_1_590' title='bbox 1052 1913 1127 1969; x_wconf 79' lang='lat' dir='ltr'><strong>erant,</strong></span> <span class='ocrx_word' id='word_1_591' title='bbox 1138 1912 1162 1958; x_wconf 88' lang='lat' dir='ltr'><strong>et</strong></span> <span class='ocrx_word' id='word_1_592' title='bbox 1174 1908 1277 1966; x_wconf 87' lang='lat' dir='ltr'><strong>dicturi,</strong></span> <span class='ocrx_word' id='word_1_593' title='bbox 1288 1909 1413 1966; x_wconf 87' lang='lat' dir='ltr'><strong>Quomodo</strong></span> <span class='ocrx_word' id='word_1_594' title='bbox 1424 1913 1487 1960; x_wconf 81' lang='lat' dir='ltr'><strong>Deus</strong></span> <span class='ocrx_word' id='word_1_595' title='bbox 1498 1910 1608 1960; x_wconf 78' lang='lat' dir='ltr'><strong>nominee</strong></span> <span class='ocrx_word' id='word_1_596' title='bbox 1617 1911 1660 1973; x_wconf 85' lang='lat' dir='ltr'><strong>qui</strong></span> <span class='ocrx_word' id='word_1_597' title='bbox 1670 1911 1769 1959; x_wconf 75' lang='lat' dir='ltr'><strong>inierunt</strong></span> <span class='ocrx_word' id='word_1_598' title='bbox 1779 1915 1839 1961; x_wconf 79' lang='lat' dir='ltr'><strong>ante</strong></span> 
     </span>
     <span class='ocr_line' id='line_1_73' title="bbox 1051 2002 1836 2066; baseline 0.003 -15"><span class='ocrx_word' id='word_1_599' title='bbox 1051 2004 1143 2051; x_wconf 75' lang='lat' dir='ltr'><strong>mosem</strong></span> <span class='ocrx_word' id='word_1_600' title='bbox 1153 2002 1287 2063; x_wconf 76' lang='lat' dir='ltr'><strong>judicabili</strong></span> <span class='ocrx_word' id='word_1_601' title='bbox 1296 2017 1343 2051; x_wconf 88' lang='lat' dir='ltr'><strong>non</strong></span> <span class='ocrx_word' id='word_1_602' title='bbox 1353 2003 1419 2052; x_wconf 77' lang='lat' dir='ltr'><strong>misit</strong></span> <span class='ocrx_word' id='word_1_603' title='bbox 1430 2004 1604 2066; x_wconf 78' lang='lat' dir='ltr'><strong>legislatorem,</strong></span> <span class='ocrx_word' id='word_1_604' title='bbox 1619 2017 1668 2052; x_wconf 84' lang='lat' dir='ltr'><strong>uon</strong></span> <span class='ocrx_word' id='word_1_605' title='bbox 1680 2003 1757 2064; x_wconf 76' lang='lat' dir='ltr'><strong>legem</strong></span> <span class='ocrx_word' id='word_1_606' title='bbox 1771 2006 1836 2066; x_wconf 89' lang='lat' dir='ltr'><strong>tuiit,</strong></span> 
     </span>
     <span class='ocr_line' id='line_1_74' title="bbox 1052 2101 1835 2163; baseline 0.003 -14"><span class='ocrx_word' id='word_1_607' title='bbox 1052 2113 1099 2149; x_wconf 89' lang='lat' dir='ltr'><strong>uon</strong></span> <span class='ocrx_word' id='word_1_608' title='bbox 1120 2101 1258 2161; x_wconf 83' lang='lat' dir='ltr'><strong>proptretrm</strong></span> <span class='ocrx_word' id='word_1_609' title='bbox 1274 2101 1375 2162; x_wconf 75' lang='lat' dir='ltr'><strong>legarit,</strong></span> <span class='ocrx_word' id='word_1_610' title='bbox 1392 2115 1441 2150; x_wconf 88' lang='lat' dir='ltr'><strong>nou</strong></span> <span class='ocrx_word' id='word_1_611' title='bbox 1464 2102 1615 2163; x_wconf 77' lang='lat' dir='ltr'><strong>apostatum,</strong></span> <span class='ocrx_word' id='word_1_612' title='bbox 1637 2115 1687 2151; x_wconf 85' lang='lat' dir='ltr'><strong>non</strong></span> <span class='ocrx_word' id='word_1_613' title='bbox 1710 2104 1835 2163; x_wconf 75' lang='lat' dir='ltr'><strong>evangeii-</strong></span> 
     </span>
     <span class='ocr_line' id='line_1_75' title="bbox 1051 2199 1840 2261; baseline 0.008 -16"><span class='ocrx_word' id='word_1_614' title='bbox 1051 2201 1112 2246; x_wconf 83' lang='lat' dir='ltr'><strong>etam</strong></span> <span class='ocrx_word' id='word_1_615' title='bbox 1130 2217 1136 2248; x_wconf 79' lang='grc' dir='ltr'><strong>ε</strong></span> <span class='ocrx_word' id='word_1_616' title='bbox 1156 2199 1278 2260; x_wconf 86' lang='lat' dir='ltr'><strong>quomodo</strong></span> <span class='ocrx_word' id='word_1_617' title='bbox 1300 2199 1408 2260; x_wconf 67' lang='lat' dir='ltr'><strong>animis</strong></span> <span class='ocrx_word' id='word_1_618' title='bbox 1420 2212 1502 2261; x_wconf 77' lang='lat' dir='ltr'><strong>proma</strong></span> <span class='ocrx_word' id='word_1_619' title='bbox 1521 2199 1617 2260; x_wconf 73' lang='lat' dir='ltr'><strong>exiget?</strong></span> <span class='ocrx_word' id='word_1_620' title='bbox 1638 2200 1721 2248; x_wconf 79' lang='lat' dir='ltr'><strong>votens</strong></span> <span class='ocrx_word' id='word_1_621' title='bbox 1745 2203 1840 2251; x_wconf 73' lang='lat' dir='ltr'><strong>Panion</strong></span> 
     </span>
     <span class='ocr_line' id='line_1_76' title="bbox 1051 2295 1840 2360; baseline 0.009 -16"><span class='ocrx_word' id='word_1_622' title='bbox 1051 2295 1213 2346; x_wconf 75' lang='lat' dir='ltr'><strong>demonstrare</strong></span> <span class='ocrx_word' id='word_1_623' title='bbox 1232 2298 1297 2360; x_wconf 82' lang='lat' dir='ltr'><strong>qrrod</strong></span> <span class='ocrx_word' id='word_1_624' title='bbox 1327 2311 1341 2347; x_wconf 84' lang='grc' dir='ltr'><strong>ε</strong></span> <span class='ocrx_word' id='word_1_625' title='bbox 1364 2301 1447 2348; x_wconf 81' lang='lat' dir='ltr'><strong>natura</strong></span> <span class='ocrx_word' id='word_1_626' title='bbox 1472 2298 1536 2348; x_wconf 89' lang='lat' dir='ltr'><strong>docti</strong></span> <span class='ocrx_word' id='word_1_627' title='bbox 1558 2300 1632 2360; x_wconf 75' lang='lat' dir='ltr'><strong>iugem</strong></span> <span class='ocrx_word' id='word_1_628' title='bbox 1658 2300 1791 2360; x_wconf 79' lang='lat' dir='ltr'><strong>traherent,</strong></span> <span class='ocrx_word' id='word_1_629' title='bbox 1812 2305 1840 2351; x_wconf 74' lang='lat' dir='ltr'><strong>et</strong></span> 
     </span>
     <span class='ocr_line' id='line_1_77' title="bbox 1051 2391 1836 2453; baseline 0.005 -14"><span class='ocrx_word' id='word_1_630' title='bbox 1051 2391 1140 2453; x_wconf 81' lang='lat' dir='ltr'><strong>egendo</strong></span> <span class='ocrx_word' id='word_1_631' title='bbox 1153 2391 1278 2442; x_wconf 73' lang='lat' dir='ltr'><strong>manifeste</strong></span> <span class='ocrx_word' id='word_1_632' title='bbox 1289 2393 1392 2453; x_wconf 83' lang='lat' dir='ltr'><strong>scirent,</strong></span> <span class='ocrx_word' id='word_1_633' title='bbox 1406 2391 1463 2440; x_wconf 77' lang='lat' dir='ltr'><strong>cudi</strong></span> <span class='ocrx_word' id='word_1_634' title='bbox 1476 2392 1533 2453; x_wconf 80' lang='lat' dir='ltr'><strong>arrid</strong></span> <span class='ocrx_word' id='word_1_635' title='bbox 1546 2391 1611 2441; x_wconf 75' lang='lat' dir='ltr'><strong>dicat</strong></span> <span class='ocrx_word' id='word_1_636' title='bbox 1621 2392 1630 2453; x_wconf 85' lang='lat'>(</span> <span class='ocrx_word' id='word_1_637' title='bbox 1641 2396 1710 2441; x_wconf 86' lang='lat' dir='ltr'><strong>tiom.</strong></span> <span class='ocrx_word' id='word_1_638' title='bbox 1722 2398 1748 2442; x_wconf 72' lang='grc' dir='ltr'><strong>ο.</strong></span> <span class='ocrx_word' id='word_1_639' title='bbox 1765 2398 1836 2444; x_wconf 76' lang='lat' dir='ltr'><strong>tt.-</strong></span> 
     </span>
     <span class='ocr_line' id='line_1_78' title="bbox 1055 2486 1839 2549; baseline 0.004 -14"><span class='ocrx_word' id='word_1_640' title='bbox 1055 2487 1101 2547; x_wconf 86' lang='grc' dir='ltr'><strong>ιο)</strong></span> <span class='ocrx_word' id='word_1_641' title='bbox 1113 2506 1119 2536; x_wconf 90' lang='lat'>:</span> <span class='ocrx_word' id='word_1_642' title='bbox 1139 2490 1201 2535; x_wconf 85' lang='lat' dir='ltr'><strong>curn</strong></span> <span class='ocrx_word' id='word_1_643' title='bbox 1215 2489 1282 2535; x_wconf 87' lang='lat' dir='ltr'><strong>enirn</strong></span> <span class='ocrx_word' id='word_1_644' title='bbox 1293 2490 1391 2547; x_wconf 73' lang='lat' dir='ltr'><strong>aenne,</strong></span> <span class='ocrx_word' id='word_1_645' title='bbox 1403 2499 1461 2549; x_wconf 73' lang='lat' dir='ltr'><strong>qna</strong></span> <span class='ocrx_word' id='word_1_646' title='bbox 1471 2486 1550 2548; x_wconf 71' lang='lat' dir='ltr'><strong>lencm</strong></span> <span class='ocrx_word' id='word_1_647' title='bbox 1560 2499 1611 2536; x_wconf 90' lang='lat' dir='ltr'><strong>non</strong></span> <span class='ocrx_word' id='word_1_648' title='bbox 1623 2486 1736 2549; x_wconf 80' lang='lat' dir='ltr'><strong>tradent,</strong></span> <span class='ocrx_word' id='word_1_649' title='bbox 1752 2492 1839 2539; x_wconf 85' lang='lat' dir='ltr'><strong>nater·</strong></span> 
     </span>
     <span class='ocr_line' id='line_1_79' title="bbox 1051 2579 1838 2644; baseline 0.001 -14"><span class='ocrx_word' id='word_1_650' title='bbox 1051 2582 1146 2631; x_wconf 85' lang='lat' dir='ltr'><strong>ratitcr</strong></span> <span class='ocrx_word' id='word_1_651' title='bbox 1158 2594 1189 2629; x_wconf 89' lang='lat' dir='ltr'><strong>ca</strong></span> <span class='ocrx_word' id='word_1_652' title='bbox 1208 2594 1266 2644; x_wconf 69' lang='lat' dir='ltr'><strong>ane</strong></span> <span class='ocrx_word' id='word_1_653' title='bbox 1282 2581 1345 2642; x_wconf 74' lang='lat' dir='ltr'><strong>ienis</strong></span> <span class='ocrx_word' id='word_1_654' title='bbox 1361 2583 1437 2639; x_wconf 79' lang='lat' dir='ltr'><strong>runt,</strong></span> <span class='ocrx_word' id='word_1_655' title='bbox 1455 2579 1566 2641; x_wconf 84' lang='lat' dir='ltr'><strong>faciunt</strong></span> <span class='ocrx_word' id='word_1_656' title='bbox 1580 2597 1589 2628; x_wconf 91' lang='lat'><em>:</em></span> <span class='ocrx_word' id='word_1_657' title='bbox 1604 2581 1732 2641; x_wconf 74' lang='lat' dir='ltr'><strong>ejusmoni</strong></span> <span class='ocrx_word' id='word_1_658' title='bbox 1751 2582 1838 2643; x_wconf 66' lang='lat' dir='ltr'><strong>repen</strong></span> 
     </span>
     <span class='ocr_line' id='line_1_80' title="bbox 1052 2676 1839 2741; baseline 0.003 -14"><span class='ocrx_word' id='word_1_659' title='bbox 1052 2691 1102 2727; x_wconf 82' lang='lat' dir='ltr'><strong>non</strong></span> <span class='ocrx_word' id='word_1_660' title='bbox 1117 2677 1251 2739; x_wconf 78' lang='lat' dir='ltr'><strong>notanter,</strong></span> <span class='ocrx_word' id='word_1_661' title='bbox 1263 2681 1314 2740; x_wconf 78' lang='lat' dir='ltr'><strong>ipsi</strong></span> <span class='ocrx_word' id='word_1_662' title='bbox 1331 2676 1382 2727; x_wconf 79' lang='lat' dir='ltr'><strong>siai</strong></span> <span class='ocrx_word' id='word_1_663' title='bbox 1398 2680 1462 2727; x_wconf 83' lang='lat' dir='ltr'><strong>runt</strong></span> <span class='ocrx_word' id='word_1_664' title='bbox 1476 2676 1534 2737; x_wconf 73' lang='lat' dir='ltr'><strong>tex,</strong></span> <span class='ocrx_word' id='word_1_665' title='bbox 1550 2680 1596 2738; x_wconf 79' lang='lat' dir='ltr'><strong>ani</strong></span> <span class='ocrx_word' id='word_1_666' title='bbox 1612 2677 1755 2728; x_wconf 75' lang='lat' dir='ltr'><strong>ostendunt</strong></span> <span class='ocrx_word' id='word_1_667' title='bbox 1769 2692 1839 2741; x_wconf 75' lang='lat' dir='ltr'><strong>opas</strong></span> 
     </span>
     <span class='ocr_line' id='line_1_81' title="bbox 1053 2773 1840 2836; baseline 0.003 -13"><span class='ocrx_word' id='word_1_668' title='bbox 1053 2774 1115 2834; x_wconf 78' lang='lat' dir='ltr'><strong>teate</strong></span> <span class='ocrx_word' id='word_1_669' title='bbox 1130 2776 1293 2836; x_wconf 76' lang='lat' dir='ltr'><strong>scripturum</strong></span> <span class='ocrx_word' id='word_1_670' title='bbox 1308 2773 1427 2823; x_wconf 77' lang='lat' dir='ltr'><strong>cordibus</strong></span> <span class='ocrx_word' id='word_1_671' title='bbox 1438 2777 1502 2823; x_wconf 78' lang='lat' dir='ltr'><strong>suto.</strong></span> <span class='ocrx_word' id='word_1_672' title='bbox 1534 2774 1662 2831; x_wconf 88' lang='lat' dir='ltr'><strong>Quomodo</strong></span> <span class='ocrx_word' id='word_1_673' title='bbox 1676 2787 1727 2824; x_wconf 77' lang='lat' dir='ltr'><strong>noe</strong></span> <span class='ocrx_word' id='word_1_674' title='bbox 1742 2775 1840 2825; x_wconf 74' lang='lat' dir='ltr'><strong>literis?</strong></span> 
     </span>
     <span class='ocr_line' id='line_1_82' title="bbox 1057 2869 1840 2931; baseline -0.001 -12"><span class='ocrx_word' id='word_1_675' title='bbox 1057 2873 1241 2920; x_wconf 77' lang='lat' dir='ltr'><strong>Testimonium</strong></span> <span class='ocrx_word' id='word_1_676' title='bbox 1255 2869 1377 2922; x_wconf 76' lang='lat' dir='ltr'><strong>recidente</strong></span> <span class='ocrx_word' id='word_1_677' title='bbox 1388 2870 1443 2919; x_wconf 81' lang='lat' dir='ltr'><strong>iilis</strong></span> <span class='ocrx_word' id='word_1_678' title='bbox 1453 2871 1608 2919; x_wconf 76' lang='lat' dir='ltr'><strong>conscientia</strong></span> <span class='ocrx_word' id='word_1_679' title='bbox 1621 2872 1750 2931; x_wconf 84' lang='lat' dir='ltr'><strong>ipsorum,</strong></span> <span class='ocrx_word' id='word_1_680' title='bbox 1759 2873 1785 2918; x_wconf 83' lang='lat' dir='ltr'><strong>ct</strong></span> <span class='ocrx_word' id='word_1_681' title='bbox 1798 2872 1840 2919; x_wconf 83' lang='lat' dir='ltr'><strong>trr-</strong></span> 
     </span>
     <span class='ocr_line' id='line_1_83' title="bbox 1053 2962 1840 3024; baseline 0.003 -13"><span class='ocrx_word' id='word_1_682' title='bbox 1053 2966 1092 3011; x_wconf 81' lang='lat' dir='ltr'><strong>tn·</strong></span> <span class='ocrx_word' id='word_1_683' title='bbox 1106 2966 1256 3013; x_wconf 77' lang='lat' dir='ltr'><strong>seinvicem</strong></span> <span class='ocrx_word' id='word_1_684' title='bbox 1269 2962 1463 3024; x_wconf 73' lang='lat' dir='ltr'><strong>capitationibus</strong></span> <span class='ocrx_word' id='word_1_685' title='bbox 1475 2962 1674 3022; x_wconf 69' lang='lat' dir='ltr'><strong>annuentibus,</strong></span> <span class='ocrx_word' id='word_1_686' title='bbox 1687 2967 1738 3012; x_wconf 89' lang='lat' dir='ltr'><strong>aut</strong></span> <span class='ocrx_word' id='word_1_687' title='bbox 1752 2967 1840 3013; x_wconf 66' lang='lat' dir='ltr'><strong>ctiam</strong></span> 
     </span>
     <span class='ocr_line' id='line_1_84' title="bbox 1051 3054 1838 3119; baseline 0 -14"><span class='ocrx_word' id='word_1_688' title='bbox 1051 3054 1262 3117; x_wconf 75' lang='lat' dir='ltr'><strong>defendentibus,</strong></span> <span class='ocrx_word' id='word_1_689' title='bbox 1278 3059 1305 3105; x_wconf 88' lang='lat' dir='ltr'><strong>in</strong></span> <span class='ocrx_word' id='word_1_690' title='bbox 1320 3056 1363 3106; x_wconf 84' lang='lat' dir='ltr'><strong>die</strong></span> <span class='ocrx_word' id='word_1_691' title='bbox 1376 3069 1430 3119; x_wconf 85' lang='lat' dir='ltr'><strong>qua</strong></span> <span class='ocrx_word' id='word_1_692' title='bbox 1437 3055 1569 3117; x_wconf 81' lang='lat' dir='ltr'><strong>judicabit</strong></span> <span class='ocrx_word' id='word_1_693' title='bbox 1586 3059 1653 3105; x_wconf 78' lang='lat' dir='ltr'><strong>Deris</strong></span> <span class='ocrx_word' id='word_1_694' title='bbox 1666 3056 1771 3104; x_wconf 78' lang='lat' dir='ltr'><strong>occuito</strong></span> <span class='ocrx_word' id='word_1_695' title='bbox 1786 3056 1838 3105; x_wconf 85' lang='grc' dir='ltr'><strong>Ιιο·</strong></span> 
     </span>
     <span class='ocr_line' id='line_1_85' title="bbox 1052 3150 1836 3212; baseline 0.004 -14"><span class='ocrx_word' id='word_1_696' title='bbox 1052 3154 1165 3209; x_wconf 83' lang='lat' dir='ltr'><strong>ortuum,</strong></span> <span class='ocrx_word' id='word_1_697' title='bbox 1176 3150 1319 3200; x_wconf 75' lang='lat' dir='ltr'><strong>secundnm</strong></span> <span class='ocrx_word' id='word_1_698' title='bbox 1330 3150 1492 3212; x_wconf 79' lang='lat' dir='ltr'><strong>cuanactinrn</strong></span> <span class='ocrx_word' id='word_1_699' title='bbox 1502 3162 1586 3199; x_wconf 85' lang='lat' dir='ltr'><strong>meum</strong></span> <span class='ocrx_word' id='word_1_700' title='bbox 1593 3162 1641 3212; x_wconf 83' lang='lat' dir='ltr'><strong>per</strong></span> <span class='ocrx_word' id='word_1_701' title='bbox 1653 3152 1743 3199; x_wconf 78' lang='lat' dir='ltr'><strong>deseror</strong></span> <span class='ocrx_word' id='word_1_702' title='bbox 1752 3151 1836 3201; x_wconf 70' lang='lat' dir='ltr'><strong>Chri·</strong></span> 
     </span>
     <span class='ocr_line' id='line_1_86' title="bbox 1051 3244 1839 3307; baseline 0.001 -15"><span class='ocrx_word' id='word_1_703' title='bbox 1051 3248 1123 3293; x_wconf 79' lang='lat' dir='ltr'><strong>stum</strong></span> <span class='ocrx_word' id='word_1_704' title='bbox 1145 3255 1154 3290; x_wconf 88' lang='lat'><strong>.·</strong></span> <span class='ocrx_word' id='word_1_705' title='bbox 1175 3247 1200 3293; x_wconf 89' lang='lat' dir='ltr'><strong>et</strong></span> <span class='ocrx_word' id='word_1_706' title='bbox 1220 3244 1306 3293; x_wconf 87' lang='lat' dir='ltr'><strong>iterum</strong></span> <span class='ocrx_word' id='word_1_707' title='bbox 1322 3246 1356 3305; x_wconf 86' lang='grc' dir='ltr'><strong>(ν.</strong></span> <span class='ocrx_word' id='word_1_708' title='bbox 1380 3245 1437 3305; x_wconf 75' lang='lat' dir='ltr'><strong>itt:</strong></span> <span class='ocrx_word' id='word_1_709' title='bbox 1454 3246 1687 3307; x_wconf 80' lang='lat' dir='ltr'><strong>Qntonmqncenim</strong></span> <span class='ocrx_word' id='word_1_710' title='bbox 1705 3246 1763 3292; x_wconf 75' lang='lat' dir='ltr'><strong>aine</strong></span> <span class='ocrx_word' id='word_1_711' title='bbox 1779 3244 1839 3307; x_wconf 74' lang='lat' dir='ltr'><strong>tepe</strong></span> 
     </span>
     <span class='ocr_line' id='line_1_87' title="bbox 1050 3338 1837 3401; baseline -0.004 -13"><span class='ocrx_word' id='word_1_712' title='bbox 1050 3342 1235 3401; x_wconf 83' lang='lat' dir='ltr'><strong>peccauerunt,</strong></span> <span class='ocrx_word' id='word_1_713' title='bbox 1248 3341 1303 3389; x_wconf 81' lang='lat' dir='ltr'><strong>sine</strong></span> <span class='ocrx_word' id='word_1_714' title='bbox 1312 3339 1365 3400; x_wconf 76' lang='lat' dir='ltr'><strong>leae</strong></span> <span class='ocrx_word' id='word_1_715' title='bbox 1372 3338 1496 3400; x_wconf 75' lang='lat' dir='ltr'><strong>peniteant</strong></span> <span class='ocrx_word' id='word_1_716' title='bbox 1507 3350 1516 3384; x_wconf 90' lang='grc'><strong>.·</strong></span> <span class='ocrx_word' id='word_1_717' title='bbox 1527 3341 1552 3386; x_wconf 85' lang='lat' dir='ltr'><strong>ct</strong></span> <span class='ocrx_word' id='word_1_718' title='bbox 1564 3339 1721 3400; x_wconf 78' lang='lat' dir='ltr'><strong>quicumque</strong></span> <span class='ocrx_word' id='word_1_719' title='bbox 1735 3340 1764 3385; x_wconf 83' lang='grc' dir='ltr'><strong>ιιι</strong></span> <span class='ocrx_word' id='word_1_720' title='bbox 1778 3338 1837 3400; x_wconf 67' lang='lat' dir='ltr'><strong>trae</strong></span> 
     </span>
     <span class='ocr_line' id='line_1_88' title="bbox 1051 3428 1836 3495; baseline -0.003 -14"><span class='ocrx_word' id='word_1_721' title='bbox 1051 3434 1236 3495; x_wconf 75' lang='lat' dir='ltr'><strong>precaremini,</strong></span> <span class='ocrx_word' id='word_1_722' title='bbox 1248 3444 1295 3493; x_wconf 83' lang='lat' dir='ltr'><strong>per</strong></span> <span class='ocrx_word' id='word_1_723' title='bbox 1307 3431 1386 3493; x_wconf 80' lang='lat' dir='ltr'><strong>ieaem</strong></span> <span class='ocrx_word' id='word_1_724' title='bbox 1397 3430 1600 3491; x_wconf 79' lang='lat' dir='ltr'><strong>judicabuntur.</strong></span> <span class='ocrx_word' id='word_1_725' title='bbox 1633 3428 1697 3486; x_wconf 84' lang='lat' dir='ltr'><strong>Quid</strong></span> <span class='ocrx_word' id='word_1_726' title='bbox 1709 3433 1762 3489; x_wconf 80' lang='grc' dir='ltr'><strong>εει,</strong></span> <span class='ocrx_word' id='word_1_727' title='bbox 1774 3433 1836 3479; x_wconf 73' lang='lat' dir='ltr'><strong>sure</strong></span> 
     </span>
     <span class='ocr_line' id='line_1_89' title="bbox 1053 3522 1838 3590; baseline -0.003 -15"><span class='ocrx_word' id='word_1_728' title='bbox 1053 3526 1107 3588; x_wconf 78' lang='lat' dir='ltr'><strong>icae</strong></span> <span class='ocrx_word' id='word_1_729' title='bbox 1123 3526 1264 3590; x_wconf 76' lang='lat' dir='ltr'><strong>peribunt?</strong></span> <span class='ocrx_word' id='word_1_730' title='bbox 1282 3527 1335 3575; x_wconf 86' lang='lat' dir='ltr'><strong>Non</strong></span> <span class='ocrx_word' id='word_1_731' title='bbox 1359 3526 1408 3586; x_wconf 79' lang='lat' dir='ltr'><strong>tege</strong></span> <span class='ocrx_word' id='word_1_732' title='bbox 1428 3528 1569 3582; x_wconf 71' lang='lat' dir='ltr'><strong>aecuunte,</strong></span> <span class='ocrx_word' id='word_1_733' title='bbox 1583 3522 1625 3572; x_wconf 85' lang='lat' dir='ltr'><strong>aed</strong></span> <span class='ocrx_word' id='word_1_734' title='bbox 1643 3523 1792 3571; x_wconf 76' lang='lat' dir='ltr'><strong>conscientia</strong></span> <span class='ocrx_word' id='word_1_735' title='bbox 1811 3527 1838 3573; x_wconf 83' lang='lat' dir='ltr'><strong>et</strong></span> 
     </span>
     <span class='ocr_line' id='line_1_90' title="bbox 1052 3617 1835 3683; baseline -0.008 -12"><span class='ocrx_word' id='word_1_736' title='bbox 1052 3620 1241 3683; x_wconf 78' lang='lat' dir='ltr'><strong>cogitationibus.</strong></span> <span class='ocrx_word' id='word_1_737' title='bbox 1268 3620 1291 3668; x_wconf 87' lang='lat' dir='ltr'><strong>Si</strong></span> <span class='ocrx_word' id='word_1_738' title='bbox 1303 3633 1360 3668; x_wconf 78' lang='lat' dir='ltr'><strong>uero</strong></span> <span class='ocrx_word' id='word_1_739' title='bbox 1370 3618 1446 3680; x_wconf 75' lang='lat' dir='ltr'><strong>legem</strong></span> <span class='ocrx_word' id='word_1_740' title='bbox 1455 3631 1501 3666; x_wconf 88' lang='lat' dir='ltr'><strong>oon</strong></span> <span class='ocrx_word' id='word_1_741' title='bbox 1511 3618 1650 3666; x_wconf 73' lang='lat' dir='ltr'><strong>imbuissent</strong></span> <span class='ocrx_word' id='word_1_742' title='bbox 1658 3617 1835 3676; x_wconf 72' lang='lat' dir='ltr'><strong>conscientia,</strong></span> 
     </span>
     <span class='ocr_line' id='line_1_91' title="bbox 1053 3709 1836 3775; baseline -0.008 -11"><span class='ocrx_word' id='word_1_743' title='bbox 1053 3727 1097 3764; x_wconf 87' lang='lat' dir='ltr'><strong>nco</strong></span> <span class='ocrx_word' id='word_1_744' title='bbox 1111 3715 1175 3775; x_wconf 80' lang='lat' dir='ltr'><strong>ipsos</strong></span> <span class='ocrx_word' id='word_1_745' title='bbox 1193 3713 1270 3775; x_wconf 91' lang='lat' dir='ltr'><strong>perire</strong></span> <span class='ocrx_word' id='word_1_746' title='bbox 1284 3715 1407 3774; x_wconf 76' lang='lat' dir='ltr'><strong>peccantes</strong></span> <span class='ocrx_word' id='word_1_747' title='bbox 1418 3709 1544 3773; x_wconf 85' lang='lat' dir='ltr'><strong>oportebat</strong></span> <span class='ocrx_word' id='word_1_748' title='bbox 1559 3729 1566 3759; x_wconf 74' lang='grc' dir='ltr'><strong>ι</strong></span> <span class='ocrx_word' id='word_1_749' title='bbox 1579 3709 1700 3771; x_wconf 84' lang='lat' dir='ltr'><strong>quomodo</strong></span> <span class='ocrx_word' id='word_1_750' title='bbox 1717 3709 1836 3769; x_wconf 61' lang='lat' dir='ltr'><strong>animai</strong></span> 
     </span>
     <span class='ocr_line' id='line_1_92' title="bbox 1052 3804 1836 3869; baseline -0.009 -10"><span class='ocrx_word' id='word_1_751' title='bbox 1052 3810 1102 3859; x_wconf 85' lang='lat' dir='ltr'><strong>eine</strong></span> <span class='ocrx_word' id='word_1_752' title='bbox 1115 3808 1166 3869; x_wconf 75' lang='lat' dir='ltr'><strong>iege</strong></span> <span class='ocrx_word' id='word_1_753' title='bbox 1181 3809 1354 3869; x_wconf 71' lang='lat' dir='ltr'><strong>peccaverunt?</strong></span> <span class='ocrx_word' id='word_1_754' title='bbox 1367 3804 1414 3855; x_wconf 79' lang='lat' dir='ltr'><strong>sed</strong></span> <span class='ocrx_word' id='word_1_755' title='bbox 1427 3819 1482 3855; x_wconf 89' lang='lat' dir='ltr'><strong>oum</strong></span> <span class='ocrx_word' id='word_1_756' title='bbox 1494 3808 1553 3854; x_wconf 82' lang='lat' dir='ltr'><strong>sine</strong></span> <span class='ocrx_word' id='word_1_757' title='bbox 1562 3805 1617 3866; x_wconf 75' lang='lat' dir='ltr'><strong>tene</strong></span> <span class='ocrx_word' id='word_1_758' title='bbox 1627 3804 1701 3867; x_wconf 88' lang='lat' dir='ltr'><strong>dicit,</strong></span> <span class='ocrx_word' id='word_1_759' title='bbox 1713 3818 1762 3853; x_wconf 85' lang='lat' dir='ltr'><strong>ooo</strong></span> <span class='ocrx_word' id='word_1_760' title='bbox 1774 3804 1836 3853; x_wconf 82' lang='lat' dir='ltr'><strong>dicit</strong></span> 
     </span>
     <span class='ocr_line' id='line_1_93' title="bbox 1052 3899 1834 3962; baseline -0.008 -8"><span class='ocrx_word' id='word_1_761' title='bbox 1052 3918 1100 3954; x_wconf 89' lang='lat' dir='ltr'><strong>oon</strong></span> <span class='ocrx_word' id='word_1_762' title='bbox 1120 3902 1231 3952; x_wconf 78' lang='lat' dir='ltr'><strong>habuisse</strong></span> <span class='ocrx_word' id='word_1_763' title='bbox 1251 3902 1342 3962; x_wconf 79' lang='lat' dir='ltr'><strong>iegcm,</strong></span> <span class='ocrx_word' id='word_1_764' title='bbox 1361 3901 1402 3950; x_wconf 81' lang='lat' dir='ltr'><strong>sed</strong></span> <span class='ocrx_word' id='word_1_765' title='bbox 1419 3914 1466 3950; x_wconf 91' lang='lat' dir='ltr'><strong>uon</strong></span> <span class='ocrx_word' id='word_1_766' title='bbox 1481 3899 1593 3950; x_wconf 73' lang='lat' dir='ltr'><strong>imbuisse</strong></span> <span class='ocrx_word' id='word_1_767' title='bbox 1609 3901 1685 3960; x_wconf 65' lang='lat' dir='ltr'><strong>tegern</strong></span> <span class='ocrx_word' id='word_1_768' title='bbox 1702 3901 1834 3962; x_wconf 71' lang='lat' dir='ltr'><strong>ratpirn,</strong></span> 
     </span>
     <span class='ocr_line' id='line_1_94' title="bbox 1052 3995 1833 4060; baseline -0.009 -10"><span class='ocrx_word' id='word_1_769' title='bbox 1052 4006 1144 4050; x_wconf 78' lang='lat' dir='ltr'><strong>natnrcc</strong></span> <span class='ocrx_word' id='word_1_770' title='bbox 1159 4012 1217 4049; x_wconf 81' lang='lat' dir='ltr'><strong>vero</strong></span> <span class='ocrx_word' id='word_1_771' title='bbox 1233 4001 1307 4060; x_wconf 75' lang='lat' dir='ltr'><strong>tegern</strong></span> <span class='ocrx_word' id='word_1_772' title='bbox 1327 3997 1446 4046; x_wconf 73' lang='lat' dir='ltr'><strong>trobnisoe.</strong></span> <span class='ocrx_word' id='word_1_773' title='bbox 1480 3998 1510 4044; x_wconf 81' lang='lat' dir='ltr'><strong>Et</strong></span> <span class='ocrx_word' id='word_1_774' title='bbox 1528 4008 1623 4045; x_wconf 82' lang='lat' dir='ltr'><strong>rursum</strong></span> <span class='ocrx_word' id='word_1_775' title='bbox 1646 3995 1700 4057; x_wconf 81' lang='lat' dir='ltr'><strong>(ib.</strong></span> <span class='ocrx_word' id='word_1_776' title='bbox 1717 4008 1743 4042; x_wconf 86' lang='lat' dir='ltr'><strong>r.</strong></span> <span class='ocrx_word' id='word_1_777' title='bbox 1765 3996 1833 4055; x_wconf 80' lang='lat'>10):</span> 
     </span>
     <span class='ocr_line' id='line_1_95' title="bbox 1054 4089 1832 4153; baseline -0.009 -8"><span class='ocrx_word' id='word_1_778' title='bbox 1054 4095 1142 4145; x_wconf 79' lang='lat' dir='ltr'><strong>Gloria</strong></span> <span class='ocrx_word' id='word_1_779' title='bbox 1155 4098 1243 4144; x_wconf 85' lang='lat' dir='ltr'><strong>antem</strong></span> <span class='ocrx_word' id='word_1_780' title='bbox 1255 4096 1280 4143; x_wconf 85' lang='lat' dir='ltr'><strong>et</strong></span> <span class='ocrx_word' id='word_1_781' title='bbox 1292 4092 1383 4153; x_wconf 78' lang='lat' dir='ltr'><strong>nonar,</strong></span> <span class='ocrx_word' id='word_1_782' title='bbox 1402 4095 1427 4140; x_wconf 87' lang='lat' dir='ltr'><strong>ct</strong></span> <span class='ocrx_word' id='word_1_783' title='bbox 1437 4103 1493 4153; x_wconf 76' lang='lat' dir='ltr'><strong>par</strong></span> <span class='ocrx_word' id='word_1_784' title='bbox 1501 4092 1572 4139; x_wconf 87' lang='lat' dir='ltr'><strong>omni</strong></span> <span class='ocrx_word' id='word_1_785' title='bbox 1584 4092 1705 4152; x_wconf 81' lang='lat' dir='ltr'><strong>operanti</strong></span> <span class='ocrx_word' id='word_1_786' title='bbox 1715 4089 1832 4149; x_wconf 80' lang='grc' dir='ltr'><strong>οοκαιτ,</strong></span> 
     </span>
     <span class='ocr_line' id='line_1_96' title="bbox 1051 4183 1834 4251; baseline -0.008 -12"><span class='ocrx_word' id='word_1_787' title='bbox 1051 4188 1142 4239; x_wconf 76' lang='grc' dir='ltr'><strong>Ιιιάαο</strong></span> <span class='ocrx_word' id='word_1_788' title='bbox 1157 4191 1286 4251; x_wconf 77' lang='lat' dir='ltr'><strong>primum,</strong></span> <span class='ocrx_word' id='word_1_789' title='bbox 1306 4190 1331 4237; x_wconf 86' lang='lat' dir='ltr'><strong>ct</strong></span> <span class='ocrx_word' id='word_1_790' title='bbox 1354 4190 1448 4237; x_wconf 73' lang='lat' dir='ltr'><strong>Gracc.</strong></span> <span class='ocrx_word' id='word_1_791' title='bbox 1470 4192 1492 4234; x_wconf 82' lang='grc' dir='ltr'><strong>ο.</strong></span> <span class='ocrx_word' id='word_1_792' title='bbox 1510 4187 1568 4234; x_wconf 82' lang='grc' dir='ltr'><strong>Ηαο</strong></span> <span class='ocrx_word' id='word_1_793' title='bbox 1590 4187 1670 4233; x_wconf 84' lang='lat' dir='ltr'><strong>autem</strong></span> <span class='ocrx_word' id='word_1_794' title='bbox 1684 4183 1780 4233; x_wconf 77' lang='lat' dir='ltr'><strong>dicebat</strong></span> <span class='ocrx_word' id='word_1_795' title='bbox 1801 4185 1834 4233; x_wconf 81' lang='lat' dir='ltr'><strong>do</strong></span> 
     </span>
    </p>

    <p class='ocr_par' dir='ltr' id='par_1_12' title="bbox 1050 4250 1913 4533">
     <span class='ocr_line' id='line_1_97' title="bbox 1051 4250 1913 4345; baseline -0.007 -13"><span class='ocrx_word' id='word_1_796' title='bbox 1051 4282 1213 4345; x_wconf 78' lang='lat' dir='ltr'><strong>anperiontrue</strong></span> <span class='ocrx_word' id='word_1_797' title='bbox 1229 4282 1327 4343; x_wconf 75' lang='lat' dir='ltr'><strong>iaqueus</strong></span> <span class='ocrx_word' id='word_1_798' title='bbox 1347 4280 1509 4342; x_wconf 78' lang='lat' dir='ltr'><strong>temporibus,</strong></span> <span class='ocrx_word' id='word_1_799' title='bbox 1531 4290 1588 4339; x_wconf 74' lang='lat' dir='ltr'><strong>qum</strong></span> <span class='ocrx_word' id='word_1_800' title='bbox 1610 4282 1665 4327; x_wconf 84' lang='lat' dir='ltr'><strong>ente</strong></span> <span class='ocrx_word' id='word_1_801' title='bbox 1685 4277 1774 4327; x_wconf 76' lang='lat' dir='ltr'><strong>coristi</strong></span> <span class='ocrx_word' id='word_1_802' title='bbox 1791 4278 1834 4327; x_wconf 75' lang='lat' dir='ltr'><strong>od·</strong></span> <span class='ocrx_word' id='word_1_803' title='bbox 1911 4250 1913 4267; x_wconf 49' lang='lat'>¹</span> 
     </span>
     <span class='ocr_line' id='line_1_98' title="bbox 1050 4371 1824 4436; baseline -0.008 -11"><span class='ocrx_word' id='word_1_804' title='bbox 1050 4382 1149 4427; x_wconf 81' lang='lat' dir='ltr'><strong>ventum</strong></span> <span class='ocrx_word' id='word_1_805' title='bbox 1166 4378 1276 4436; x_wconf 86' lang='lat' dir='ltr'><strong>inerunt;</strong></span> <span class='ocrx_word' id='word_1_806' title='bbox 1290 4378 1315 4424; x_wconf 87' lang='lat' dir='ltr'><strong>et</strong></span> <span class='ocrx_word' id='word_1_807' title='bbox 1333 4377 1445 4425; x_wconf 77' lang='lat' dir='ltr'><strong>Grceeam</strong></span> <span class='ocrx_word' id='word_1_808' title='bbox 1461 4373 1501 4422; x_wconf 84' lang='lat' dir='ltr'><strong>iric</strong></span> <span class='ocrx_word' id='word_1_809' title='bbox 1512 4375 1583 4421; x_wconf 81' lang='lat' dir='ltr'><strong>vocat</strong></span> <span class='ocrx_word' id='word_1_810' title='bbox 1594 4384 1642 4421; x_wconf 87' lang='lat' dir='ltr'><strong>nou</strong></span> <span class='ocrx_word' id='word_1_811' title='bbox 1656 4371 1824 4431; x_wconf 74' lang='lat' dir='ltr'><strong>idololatram,</strong></span> 
     </span>
     <span class='ocr_line' id='line_1_99' title="bbox 1050 4467 1832 4533; baseline -0.008 -12"><span class='ocrx_word' id='word_1_812' title='bbox 1050 4473 1090 4521; x_wconf 84' lang='lat' dir='ltr'><strong>eed</strong></span> <span class='ocrx_word' id='word_1_813' title='bbox 1112 4475 1190 4521; x_wconf 75' lang='lat' dir='ltr'><strong>Derim</strong></span> <span class='ocrx_word' id='word_1_814' title='bbox 1210 4470 1307 4533; x_wconf 77' lang='lat' dir='ltr'><strong>qnidam</strong></span> <span class='ocrx_word' id='word_1_815' title='bbox 1329 4471 1407 4518; x_wconf 80' lang='lat' dir='ltr'><strong>sotum</strong></span> <span class='ocrx_word' id='word_1_816' title='bbox 1425 4470 1579 4528; x_wconf 74' lang='lat' dir='ltr'><strong>odorantem,</strong></span> <span class='ocrx_word' id='word_1_817' title='bbox 1599 4467 1754 4517; x_wconf 76' lang='lat' dir='ltr'><strong>tudaieoram</strong></span> <span class='ocrx_word' id='word_1_818' title='bbox 1771 4478 1832 4515; x_wconf 80' lang='lat' dir='ltr'><strong>reru</strong></span> 
     </span>
    </p>
   </div>
   <div class='ocr_carea' id='block_1_8' title="bbox 1049 4559 1831 4624">
    <p class='ocr_par' dir='ltr' id='par_1_13' title="bbox 1049 4559 1831 4624">
     <span class='ocr_line' id='line_1_100' title="bbox 1049 4559 1831 4624; baseline -0.013 -6"><span class='ocrx_word' id='word_1_819' title='bbox 1049 4568 1244 4618; x_wconf 79' lang='lat' dir='ltr'><strong>obseruationum</strong></span> <span class='ocrx_word' id='word_1_820' title='bbox 1257 4566 1392 4616; x_wconf 77' lang='lat' dir='ltr'><strong>aecesoitati</strong></span> <span class='ocrx_word' id='word_1_821' title='bbox 1405 4562 1746 4624; x_wconf 58' lang='lat' dir='ltr'><strong>morinummontem</strong></span> <span class='ocrx_word' id='word_1_822' title='bbox 1760 4559 1831 4620; x_wconf 82' lang='lat' dir='ltr'><strong>dioc,</strong></span> 
     </span>
    </p>
   </div>
   <div class='ocr_carea' id='block_1_9' title="bbox 984 4654 1832 4816">
    <p class='ocr_par' dir='ltr' id='par_1_14' title="bbox 984 4654 1832 4816">
     <span class='ocr_line' id='line_1_101' title="bbox 984 4654 1830 4721; baseline -0.019 -5"><span class='ocrx_word' id='word_1_823' title='bbox 984 4701 991 4721; x_wconf 83' lang='lat'><strong>,</strong></span> <span class='ocrx_word' id='word_1_824' title='bbox 1049 4669 1075 4715; x_wconf 85' lang='lat' dir='ltr'><strong>ct</strong></span> <span class='ocrx_word' id='word_1_825' title='bbox 1093 4660 1285 4719; x_wconf 86' lang='lat' dir='ltr'><strong>circumcisioni,</strong></span> <span class='ocrx_word' id='word_1_826' title='bbox 1307 4662 1331 4708; x_wconf 86' lang='lat' dir='ltr'><strong>ct</strong></span> <span class='ocrx_word' id='word_1_827' title='bbox 1346 4658 1419 4707; x_wconf 81' lang='lat' dir='ltr'><strong>roriie</strong></span> <span class='ocrx_word' id='word_1_828' title='bbox 1435 4656 1654 4720; x_wconf 77' lang='lat' dir='ltr'><strong>purtfimtiooibus3</strong></span> <span class='ocrx_word' id='word_1_829' title='bbox 1671 4654 1711 4703; x_wconf 78' lang='lat' dir='ltr'><strong>sed</strong></span> <span class='ocrx_word' id='word_1_830' title='bbox 1730 4654 1830 4714; x_wconf 66' lang='lat' dir='ltr'><strong>uptun·</strong></span> 
     </span>
     <span class='ocr_line' id='line_1_102' title="bbox 990 4745 1832 4816; baseline -0.017 -9"><span class='ocrx_word' id='word_1_831' title='bbox 990 4794 1005 4808; x_wconf 76' lang='grc'><strong>.</strong></span> <span class='ocrx_word' id='word_1_832' title='bbox 1050 4758 1107 4806; x_wconf 79' lang='lat' dir='ltr'><strong>tiam</strong></span> <span class='ocrx_word' id='word_1_833' title='bbox 1135 4770 1231 4805; x_wconf 87' lang='lat' dir='ltr'><strong>omnem</strong></span> <span class='ocrx_word' id='word_1_834' title='bbox 1250 4758 1275 4804; x_wconf 88' lang='lat' dir='ltr'><strong>et</strong></span> <span class='ocrx_word' id='word_1_835' title='bbox 1295 4754 1406 4816; x_wconf 80' lang='lat' dir='ltr'><strong>pietatem</strong></span> <span class='ocrx_word' id='word_1_836' title='bbox 1432 4748 1593 4799; x_wconf 79' lang='lat' dir='ltr'><strong>eriribeutem.</strong></span> <span class='ocrx_word' id='word_1_837' title='bbox 1627 4751 1657 4798; x_wconf 81' lang='lat' dir='ltr'><strong>tn</strong></span> <span class='ocrx_word' id='word_1_838' title='bbox 1673 4759 1767 4796; x_wconf 76' lang='lat' dir='ltr'><strong>romum</strong></span> <span class='ocrx_word' id='word_1_839' title='bbox 1799 4745 1832 4795; x_wconf 73' lang='lat' dir='ltr'><strong>de</strong></span> 
     </span>
    </p>
   </div>
   <div class='ocr_carea' id='block_1_10' title="bbox 1049 4843 1831 4911">
    <p class='ocr_par' dir='ltr' id='par_1_15' title="bbox 1049 4843 1831 4911">
     <span class='ocr_line' id='line_1_103' title="bbox 1049 4843 1831 4911; baseline -0.019 -8"><span class='ocrx_word' id='word_1_840' title='bbox 1049 4854 1134 4903; x_wconf 85' lang='lat' dir='ltr'><strong>eodem</strong></span> <span class='ocrx_word' id='word_1_841' title='bbox 1153 4853 1270 4902; x_wconf 74' lang='lat' dir='ltr'><strong>dimereus</strong></span> <span class='ocrx_word' id='word_1_842' title='bbox 1281 4851 1315 4900; x_wconf 83' lang='lat' dir='ltr'><strong>ait</strong></span> <span class='ocrx_word' id='word_1_843' title='bbox 1326 4850 1335 4911; x_wconf 91' lang='lat'>(</span> <span class='ocrx_word' id='word_1_844' title='bbox 1345 4849 1382 4898; x_wconf 80' lang='lat' dir='ltr'><strong>tt.</strong></span> <span class='ocrx_word' id='word_1_845' title='bbox 1396 4860 1420 4896; x_wconf 86' lang='lat' dir='ltr'><strong>r.</strong></span> <span class='ocrx_word' id='word_1_846' title='bbox 1432 4845 1483 4906; x_wconf 81' lang='lat' dir='ltr'><strong>e),</strong></span> <span class='ocrx_word' id='word_1_847' title='bbox 1494 4848 1540 4895; x_wconf 85' lang='lat' dir='ltr'><strong>tro</strong></span> <span class='ocrx_word' id='word_1_848' title='bbox 1562 4848 1588 4895; x_wconf 84' lang='lat' dir='ltr'><strong>et</strong></span> <span class='ocrx_word' id='word_1_849' title='bbox 1597 4843 1758 4905; x_wconf 77' lang='lat' dir='ltr'><strong>indtarratto,</strong></span> <span class='ocrx_word' id='word_1_850' title='bbox 1779 4844 1831 4890; x_wconf 81' lang='lat' dir='ltr'><strong>tri·</strong></span> 
     </span>
    </p>
   </div>
   <div class='ocr_carea' id='block_1_11' title="bbox 1050 4935 1832 5119">
    <p class='ocr_par' dir='ltr' id='par_1_16' title="bbox 1050 4935 1832 5119">
     <span class='ocr_line' id='line_1_104' title="bbox 1050 4935 1832 5007; baseline -0.019 -11"><span class='ocrx_word' id='word_1_851' title='bbox 1050 4947 1151 4996; x_wconf 82' lang='lat' dir='ltr'><strong>tutatio</strong></span> <span class='ocrx_word' id='word_1_852' title='bbox 1159 4950 1183 4997; x_wconf 90' lang='lat' dir='ltr'><strong>ct</strong></span> <span class='ocrx_word' id='word_1_853' title='bbox 1194 4947 1318 5007; x_wconf 70' lang='lat' dir='ltr'><strong>annuntia</strong></span> <span class='ocrx_word' id='word_1_854' title='bbox 1327 4953 1405 5004; x_wconf 83' lang='lat' dir='ltr'><strong>super</strong></span> <span class='ocrx_word' id='word_1_855' title='bbox 1416 4950 1517 4988; x_wconf 84' lang='lat' dir='ltr'><strong>ornnem</strong></span> <span class='ocrx_word' id='word_1_856' title='bbox 1526 4940 1641 4987; x_wconf 86' lang='lat' dir='ltr'><strong>animam</strong></span> <span class='ocrx_word' id='word_1_857' title='bbox 1650 4935 1761 4985; x_wconf 74' lang='lat' dir='ltr'><strong>nominis</strong></span> <span class='ocrx_word' id='word_1_858' title='bbox 1772 4946 1832 4996; x_wconf 73' lang='lat' dir='ltr'><strong>ope·</strong></span> 
     </span>
     <span class='ocr_line' id='line_1_105' title="bbox 1050 5031 1831 5119; baseline -0.017 -26"><span class='ocrx_word' id='word_1_859' title='bbox 1050 5045 1136 5119; x_wconf 62' lang='lat' dir='ltr'><strong>[ontis</strong></span> <span class='ocrx_word' id='word_1_860' title='bbox 1151 5042 1262 5101; x_wconf 86' lang='lat' dir='ltr'><strong>rnatum,</strong></span> <span class='ocrx_word' id='word_1_861' title='bbox 1276 5039 1362 5090; x_wconf 77' lang='lat' dir='ltr'><strong>Jredrci</strong></span> <span class='ocrx_word' id='word_1_862' title='bbox 1373 5040 1488 5102; x_wconf 81' lang='lat' dir='ltr'><strong>primum</strong></span> <span class='ocrx_word' id='word_1_863' title='bbox 1501 5036 1526 5082; x_wconf 87' lang='lat' dir='ltr'><strong>et</strong></span> <span class='ocrx_word' id='word_1_864' title='bbox 1540 5036 1632 5084; x_wconf 73' lang='lat' dir='ltr'><strong>Graed.</strong></span> <span class='ocrx_word' id='word_1_865' title='bbox 1665 5032 1772 5080; x_wconf 73' lang='lat' dir='ltr'><strong>norm</strong></span> <span class='ocrx_word' id='word_1_866' title='bbox 1787 5031 1831 5081; x_wconf 85' lang='lat' dir='ltr'><strong>trie</strong></span> 
     </span>
    </p>
   </div>
   <div class='ocr_carea' id='block_1_12' title="bbox 1051 5120 1829 5189">
    <p class='ocr_par' dir='ltr' id='par_1_17' title="bbox 1051 5120 1829 5189">
     <span class='ocr_line' id='line_1_106' title="bbox 1051 5120 1829 5189; baseline -0.021 -1"><span class='ocrx_word' id='word_1_867' title='bbox 1051 5140 1162 5189; x_wconf 81' lang='lat' dir='ltr'><strong>crucum</strong></span> <span class='ocrx_word' id='word_1_868' title='bbox 1174 5137 1244 5185; x_wconf 82' lang='lat' dir='ltr'><strong>rocat</strong></span> <span class='ocrx_word' id='word_1_869' title='bbox 1256 5133 1377 5182; x_wconf 82' lang='lat' dir='ltr'><strong>homiuem</strong></span> <span class='ocrx_word' id='word_1_870' title='bbox 1392 5131 1423 5180; x_wconf 81' lang='lat' dir='ltr'><strong>ab</strong></span> <span class='ocrx_word' id='word_1_871' title='bbox 1442 5128 1610 5181; x_wconf 77' lang='lat' dir='ltr'><strong>obeurratiooe</strong></span> <span class='ocrx_word' id='word_1_872' title='bbox 1624 5122 1717 5177; x_wconf 72' lang='lat' dir='ltr'><strong>trunto</strong></span> <span class='ocrx_word' id='word_1_873' title='bbox 1732 5120 1829 5173; x_wconf 81' lang='lat' dir='ltr'><strong>tiben-</strong></span> 
     </span>
    </p>
   </div>
   <div class='ocr_carea' id='block_1_13' title="bbox 0 0 1950 5867">
    <p class='ocr_par' dir='ltr' id='par_1_18' title="bbox 0 0 1950 5867">
     <span class='ocr_line' id='line_1_107' title="bbox 0 0 1950 5867; baseline 0 0"><span class='ocrx_word' id='word_1_874' title='bbox 0 0 1950 5867; x_wconf 95' lang='lat' dir='ltr'><strong> </strong></span> 
     </span>
    </p>
   </div>
  </div>
 </body>
</html>
