3892 5867
126 430 248 509 lusus-l

124 560 265 638 κωμίνων,
278 558 349 639 γίνου
362 560 481 639 ὀρφανοῖς
495 559 528 625 ὥς
547 558 651 639 πατὴρ,
672 560 718 619 καί
732 561 790 621 ἀντί
808 561 899 642 ἀνδρὸς

123 653 153 727 τῇ
164 648 243 728 μητρί
254 650 350 709 αὐτῶν.
391 649 448 733 Νῶν
459 647 580 706 δὲταῦτα
590 648 676 705 πάντα
689 649 809 727 obprimi
818 674 896 730 ρησι;

124 737 275 812 «Ποίμαινε
287 734 320 793 τδι
337 734 460 816 πρόβατά
479 757 541 811 μου.
556 761 569 786 ν
611 734 717 795 Ἐκεῖνα
736 736 783 811 μίν
794 736 861 816 γὰρ,
879 735 896 793 ἀ

123 832 259 904 προεῖπον,
273 823 319 883 καὶ
331 826 384 883 τῶν
396 824 549 902 ἀρχομένων
561 821 654 883 πολλοὶ
669 822 781 882 δύναιντ’
795 823 825 882 ἀν
838 826 898 884 tnt-

101 905 199 971 Βτελεῖν
211 911 327 993 ῥαδίως,
342 912 389 969 οὐκ
405 909 494 988 ἀνδρες
509 908 603 985 μόνον,
616 908 685 969 ἀλλά
702 911 748 969 καὶ
764 919 898 988 γυναῖκες·

121 1001 178 1058 inv
192 1000 219 1058 bi
234 999 398 1070 Ἐκκλησίας
412 1003 559 1078 προστῆναι
572 997 632 1077 δίῃ,
644 996 689 1057 καί
701 1000 793 1079 ψυχῶν
804 999 897 1075 θπιμί·

120 1091 187 1147 λιιαν
211 1090 385 1157 πιστωθῆναι
407 1084 551 1158 τοσούτων,
565 1093 641 1143 πάσα
663 1085 710 1162 μίν
725 1090 743 1158 ἡ
761 1086 897 1165 γυναικεία

120 1174 189 1255 ρύσις
200 1172 398 1254 παραχωριίτω
415 1176 454 1253 τῷ
476 1172 579 1252 μεγάθει
594 1178 642 1232 τοῦ
661 1173 833 1254 πράγματος,
852 1176 898 1235 καί

121 1263 214 1344 ἀνδρῶν
227 1261 257 1321 δὲ
268 1261 299 1322 τδ
311 1260 409 1321 πλύον·
420 1260 574 1340 ἀγίσθωσαν
587 1260 615 1320 δί
627 1261 664 1329 είς
676 1259 756 1339 μίτον
770 1264 795 1322 ol
808 1265 898 1344 πολλῷ

89 1345 154 1429 ”riso
172 1348 262 1429 μίτριμ
288 1350 501 1414 πλεονεκτοῦντας
530 1346 671 1424 ἀπάντων,
694 1346 742 1408 καλ
775 1355 898 1408 τοσοῦτον

120 1435 271 1516 ίιίιηλύτιροι
284 1436 336 1493 τῶν
350 1434 438 1492 ἀλλων
451 1433 520 1492 κατά
532 1435 581 1510 culp
595 1437 642 1507 τῆς
655 1437 742 1516 ψυχῆς
755 1432 825 1504 ὄντες
837 1438 898 1516 ἀρε·

119 1523 177 1597 τὴν,
194 1523 257 1583 ὅσον
275 1527 321 1582 τοῦ
339 1520 437 1590 παντὸς
457 1525 544 1589 ἔθνους
559 1521 692 1602 Ἐθραίων
712 1522 781 1582 κατὰ
803 1522 833 1583 τδ
853 1529 899 1583 τοῦ

120 1612 234 1690 σώματος
244 1611 352 1691 μέγεθος
362 1613 377 1670 δ
389 1608 489 1683 Σαούλ,
501 1612 602 1688 μᾶλλον
615 1611 643 1671 dt
653 1612 699 1671 καί
708 1613 800 1692 πολλῷ
808 1612 897 1675 πλίον.

122 1710 163 1782 ill
175 1710 232 1791 γάρΙ
243 1731 290 1787 μοι
313 1708 390 1787 μόνον
410 1706 563 1790 θπερωμίας
579 1711 688 1782 ἐνταῦθα
704 1707 830 1780 ζητιίσθω
852 1709 899 1787 μί-

91 1789 109 1828 ¹‘
121 1821 186 1877 τρον·
199 1797 261 1855 ἀλλ’
274 1795 323 1866 ὅση
338 1794 403 1873 πρὸς
418 1793 452 1854 τά
466 1796 551 1872 ἄλογα
562 1800 614 1854 τῶν
628 1798 740 1873 λογικῶν
755 1794 899 1876 ἀνθρώπων

122 1891 136 1957 ἡ
152 1884 281 1967 διαρορά,
295 1888 422 1943 τοσοῦτον
436 1889 482 1942 τοῦ
496 1883 618 1961 ποιμένος
631 1883 677 1942 καὶ
694 1887 745 1942 τῶν
762 1906 899 1961 ποιμαινο-

122 1972 197 2048 μίνων
210 1972 283 2031 ίστω
303 1972 334 2030 τδ
349 1970 444 2048 μέσον,
456 1969 499 2030 ἵνα
517 1971 555 2049 μὴ
570 1967 620 2028 καίΙ
628 1971 706 2029 πλέον
719 1995 745 2029 τι
758 1971 824 2030 εἴπω
831 1963 842 2008 .‘
854 1972 899 2031 καί

120 2059 166 2140 γίρ
186 2059 247 2139 περὶ
267 2061 359 2140 πολλῷ
383 2059 509 2137 μειζόνων
529 2063 543 2118 ὁ
562 2059 690 2127 κίνδυνος.
732 2058 766 2121 ‘0
787 2058 899 2141 μὲνγδρ

121 2146 235 2226 τράδατα
250 2147 384 2224 ἀπολλίις,
407 2146 424 2216 ἣ
438 2145 525 2205 λύκων
541 2146 736 2227 ἁρπασάντων,
758 2147 776 2220 ἢ
796 2150 898 2227 λῃστῶν

91 2225 112 2262 ²⁰
121 2237 293 2306 ίτιστάντων,
307 2232 324 2304 i,
336 2236 430 2310 λοιμοῶ
442 2256 511 2300 τινος
522 2232 539 2304 ἢ
554 2234 599 2293 καί
612 2235 694 2293 ἄλλου
704 2235 900 2313 συμπτώματος

121 2323 298 2394 ἐπιπεσόντος,
311 2321 385 2400 τύχοι
403 2321 451 2398 μὲν
464 2321 496 2379 ἀν
516 2344 584 2388 τινος
597 2321 643 2381 καί
656 2322 811 2401 συγγνώμης
826 2321 899 2403 παρὰ

120 2415 161 2467 τοῦ
173 2410 262 2489 κυρίου
281 2414 329 2481 τῆς
347 2408 478 2486 ποίμνης·
499 2410 522 2466 εί
539 2407 565 2466 δὲ
584 2409 631 2468 καί
647 2410 721 2481 δίκην
742 2411 899 2483 ἀπαιτοῖτο,

122 2496 193 2576 μίχρι
204 2500 257 2555 τῶν
265 2496 413 2576 χρημάτων
424 2501 441 2566 ἡ
455 2495 550 2573 ζημία·
562 2498 576 2554 ὅ
590 2496 618 2554 δὲ
629 2494 781 2575 ἀνθρώπως
794 2518 899 2554 πιστευ·

122 2585 178 2661 θείς,
192 2585 224 2644 τὸ
245 2584 350 2662 λογικὸν
365 2590 410 2642 τοῦ
433 2586 548 2659 Χριστοῦ
570 2583 709 2659 ποίμνιον,
725 2586 829 2663 πρῶτον
851 2582 898 2659 μὲν

90 2660 111 2697 ²⁸
122 2676 161 2731 οὐκ
172 2677 210 2740 είς
218 2675 355 2755 χρήματα,
366 2672 425 2731 ἀλλ’
436 2675 471 2740 είς
483 2672 530 2744 τὴν
543 2676 638 2732 ἑαυτοῦ
648 2672 735 2753 ψυχὴν
745 2670 792 2743 τὴν
803 2671 898 2749 ζημίαν

122 2762 255 2838 epicturus
275 2762 342 2840 ὑπὲρ
356 2766 403 2832 τῆς
420 2764 471 2819 τῶν
486 2760 627 2839 προὸάτων
646 2759 792 2827 ἀπωλείας·
808 2758 898 2817 ἔπειτα

121 2839 217 2909 καὶτὸν
231 2853 320 2927 ἀγῶνα
334 2851 426 2930 πολλῷ
445 2847 551 2925 μείζονα
565 2847 611 2905 καὶ
624 2845 810 2926 χαλεπώτερον
828 2845 897 2925 ἔχει.

122 2936 220 3017 οὐγὰρ
234 2940 306 3017 αὐτῷ
322 2936 389 3017 πρδς
400 2935 495 3004 λύκους
508 2940 522 3006 ἡ
542 2935 633 3014 μάχη,
648 2933 705 2993 οὐδὲ
719 2932 784 3013 ὑπὲρ
795 2935 898 3011 λῃστῶν

122 3025 241 3099 δέδοικεν,
255 3024 311 3085 οὐδ’
323 3023 366 3084 ἵνα
379 3024 470 3101 λοιμὸν
483 3022 604 3101 ἀπελάσῃ
628 3026 675 3092 τῆς
694 3021 807 3096 ποίμνης
821 3043 898 3101 pper-

93 3094 116 3141 ω·
124 3114 194 3186 τίζιι,
206 3112 273 3173 ἀλλά
283 3111 349 3193 πρὸς
362 3112 432 3179 τίνας
444 3115 458 3169 δ
470 3111 601 3190 πόλεμος,
612 3108 681 3188 μετὰ
692 3108 795 3180 τίνωνή
809 3108 898 3180 πάλης

123 3200 256 3262 'temeret
264 3200 396 3278 μακαρίου
403 3201 511 3261 Παύλου
520 3199 651 3277 λέγοντος,
662 3224 674 3249 ι
686 3199 746 3257 Οὔκ
758 3196 827 3255 ἔστιν
835 3200 898 3272 ἡμῖν

123 3294 139 3360 ἡ
151 3292 220 3362 πάλη
235 3292 301 3371 πρὸς
313 3262 383 3367 αίμα
397 3288 443 3347 καί
462 3288 567 3367 σάρκα,
579 3285 649 3344 ἀλλά
664 3284 729 3363 πρὸς
741 3283 788 3351 τὰς
799 3283 898 3365 ἀρχὰς,

124 3380 181 3459 πρὸς
196 3379 241 3447 τὰς
252 3376 386 3450 ἐξουσίας,
398 3375 463 3456 πρδς
477 3374 537 3442 τοὺς
550 3372 767 3453 κοσμοκράτορας
777 3376 822 3432 τοῦ
837 3370 898 3431 σκύ·

124 3490 177 3536 τως
187 3472 232 3526 τοῦ
248 3469 341 3534 αἰῶνος
356 3463 467 3540 τούτου,
483 3462 548 3544 πρδς
561 3461 595 3522 τδι
607 3459 773 3535 πνευματικὰ
786 3463 834 3531 τῆς
850 3481 899 3517 πο·

95 3536 208 3635 ιιηρίας
221 3557 247 3613 ίν
260 3561 314 3620 τοῖς
325 3551 496 3630 ἐπουρανίοις.
511 3576 524 3601 ν
565 3541 642 3614 Elea<
655 3546 789 3622 πολεμίων
801 3547 899 3616 πλῆθος

125 3643 216 3715 δεινὸν,
227 3642 273 3700 καί
283 3640 420 3722 φάλαγγας
432 3634 539 3718 ἀγρίας,
549 3636 579 3693 ού
590 3632 692 3715 σιδήρῳ
702 3632 896 3714 περραγμίνας,

126 3727 180 3787 ἀλλ’
190 3728 245 3788 ἀντὶ
256 3728 345 3798 πάσης
355 3725 504 3790 πανοπλίας
515 3722 720 3803 ἀρκουμίναςτῇ
732 3721 822 3802 φύσει,
834 3720 898 3781 Bot-

126 3815 160 3873 λιι
173 3815 216 3875 καί
240 3815 326 3895 ίτερον
347 3812 523 3893 στρατόπεδον
549 3812 612 3869 ίδιῖν
636 3807 734 3881 ἀπηνὲς
760 3807 806 3866 καί
826 3806 899 3885 ῶμδν

126 3903 199 3982 ταύτῃ
213 3905 386 3984 προσεδρεῢον
400 3905 433 3981 τῇ
449 3899 561 3978 ποίμνης
573 3898 619 3957 καὶ
636 3902 712 3957 τοῦτο
728 3895 781 3955 ἀπδ
791 3900 838 3969 τῆς
852 3898 898 3954 αὖ·

96 3978 231 4072 ωτῆςύψει
249 3994 395 4073 περιωπῆς.
438 3987 471 4047 ‘0
491 3987 616 4068 γάρπερὶ
632 3985 737 4044 ἐκείνων
757 3988 822 4061 ἡμῖν
841 3985 899 4043 δια·

127 4079 232 4158 λιχθιὶς,
251 4072 325 4147 οὗτος
340 4077 385 4137 καί
398 4074 503 4142 τούτους
517 4074 581 4150 ἡμῖν
599 4073 765 4133 ύτοδείκνυσι
781 4068 840 4138 τούς
854 4074 900 4151 ἐχ-

128 4165 204 4243 θρούς,
216 4156 266 4224 ῶδί
281 4188 338 4232 πως
348 4164 447 4242 λύγων·
464 4189 476 4213 ι
492 4158 603 4239 Φανερά
618 4159 646 4218 δι’
659 4162 713 4218 ἐστι
727 4158 760 4218 τδι
777 4158 842 4236 ἔργα
853 4162 899 4227 τῆς

128 4255 228 4332 σαρκδς,
252 4253 329 4312 ἀτινά
356 4255 412 4311 ἐστι
440 4248 567 4330 πορνεία,
590 4250 716 4327 μοιχεία,
736 4245 899 4325 ἀκαθαρσία,

130 4340 256 4420 ἀοιλγιια,
271 4337 490 4420 είδωλολατριία,
504 4335 670 4418 ραρμαιιεία,
686 4331 797 4413 ἔχθραι,
813 4330 896 4412 ἕρεις,

98 4418 119 4457 ⁴⁸
130 4430 207 4506 ζῆλοι,
221 4430 316 4508 θυμοί,
333 4430 459 4509 ίριθεῖαι,
472 4424 648 4499 καταλαλιαί,
668 4418 835 4501 ψιθυρισμοί,
850 4421 900 4500 ρυ-

132 4517 238 4592 σιύαιις,
255 4517 467 4589 ἀκαταστασίαι,
482 4543 495 4568 ν
509 4513 555 4572 καὶ
570 4511 646 4591 ἔτερα
660 4509 760 4569 τούτων
774 4508 898 4566 πλείονα·

131 4605 211 4686 νίγδρ
223 4607 312 4666 πάντα
324 4603 477 4680 κατέλεξεν,
490 4604 550 4662 ἀλλ’
563 4603 593 4660 ἐκ
606 4598 705 4658 τούτων
720 4600 819 4677 ἀρῆκεν
834 4594 899 4653 εἶδέ·

131 4696 220 4753 ναικαὶ
240 4696 274 4754 τά
294 4693 387 4755 λοιπά.
431 4691 484 4752 Καὶ
506 4689 550 4749 ἐπί
573 4686 620 4766 μὲν
643 4690 688 4745 τοῦ
708 4682 828 4759 ποιμένος
848 4685 899 4741 τῶν

132 4782 223 4861 ἀλόγων
243 4786 268 4843 οἱ
289 4781 444 4862 βουλόμενοι
464 4777 612 4857 διαφθεῖραι
632 4773 681 4845 τῆν
702 4770 816 4849 ἀγέλην,
837 4767 900 4828 ὅταν

102 4848 123 4889 ⁵⁰
132 4866 197 4931 ίύνιτι
205 4875 248 4930 τὸν
256 4873 391 4953 ἐφεστῶτα
403 4865 550 4949 ρεύγοντα,
562 4862 610 4934 τῆν
622 4860 686 4940 πρὸς
701 4859 796 4918 ἐκεῖνον
809 4856 899 4936 μάχην

133 4959 242 5038 ἀρίντες,
262 4963 403 5041 ἀρκοῦνται
423 4959 456 5034 τῇ
475 4956 526 5011 τῶν
541 4949 700 5030 θρεμμάτων
715 4947 837 5030 ἁρπαγῇ·
854 4946 897 5002 ίν-

134 5051 206 5105 rolla
228 5048 269 5121 δὲ,
290 5047 340 5106 κάν
363 5045 469 5103 ἀπασαν
483 5038 588 5100 λάθωσι
615 5037 663 5107 τῆν
687 5035 821 5107 ποίμνην,
844 5025 900 5090 ‘cll’

134 5132 192 5194 ὥτω
204 5141 247 5196 τοῦ
257 5133 381 5212 ποιμίνος
399 5129 574 5211 ἀφίστανται,
590 5122 659 5184 ἀλλά
673 5123 774 5200 μᾶλλον
787 5115 900 5200 ἐφεστί-

134 5245 202 5305 κασι,
216 5224 260 5285 καί
272 5221 351 5284 πλέον
366 5211 646 5303 opstupescente
660 5210 785 5294 πρότερον
798 5203 896 5266 ταύον·

699 424 758 490 'DE
778 430 1032 495 sncnnborro.
1057 435 1129 496 LlB.
1153 436 1194 497 11.

1669 456 1725 509 26⁵

943 576 968 623 el
980 575 1146 627 metricorum
1158 578 1227 641 quusi
1242 578 1351 629 maritus.
1384 582 1454 631 lluuc
1468 593 1526 632 reno
1535 581 1573 633 tris
1582 586 1727 647 protermir·
1762 643 1767 654 ⁵

943 674 976 723 ais
987 676 1113 739 omnibus,
1122 678 1180 740 quid
1194 679 1243 727 ulti
1256 682 1337 730 Posce
1348 693 1407 731 oues
1420 694 1501 732 umus.
1534 683 1578 733 llla
1594 687 1658 734 enlm
1672 699 1728 747 qum

944 775 1075 836 supradixi
1082 790 1113 827 ex
1125 778 1229 827 subditis
1240 780 1416 841 quoquemulti
1427 780 1495 831 icelle
1506 785 1621 844 prestare
1628 783 1728 845 possint,

944 889 992 926 uon
1006 878 1051 927 riri
1062 879 1157 939 solum,
1170 878 1296 930 sedetiam
1313 881 1426 932 mulieres
1439 896 1446 931 ι
1464 884 1491 932 at
1504 895 1562 932 cum
1574 882 1605 933 de
1616 883 1729 933 Ecclesiae

943 979 1088 1041 preelectum
1097 981 1176 1044 deque
1186 982 1352 1033 concredendu
1366 984 1403 1033 tol
1418 983 1554 1033 animorum
1568 997 1627 1033 cura
1640 984 1729 1047 agitur,

944 1077 1042 1127 recedat
1053 1091 1068 1127 a
1079 1079 1245 1142 magnitudine
1257 1059 1320 1131 tanti
1332 1081 1421 1143 negotii
1429 1082 1495 1132 tolus
1506 1082 1634 1132 femininus
1642 1096 1729 1144 τειιιε,

945 1178 994 1227 imo
1009 1178 1083 1229 etiam
1103 1180 1211 1230 virorum
1223 1193 1280 1244 pars
1292 1182 1413 1243 ιιιιιίωες
1422 1183 1448 1231 et
1465 1185 1567 1246 agantur
1579 1183 1604 1232 in
1621 1183 1729 1235 medium

944 1279 988 1343 qul
1005 1291 1093 1343 magno
1105 1280 1232 1331 intemallo
1242 1280 1336 1331 ceteris
1349 1281 1462 1332 omuibus
1474 1283 1637 1346 antecellunt,
1650 1286 1675 1335 el
1686 1286 1730 1348 qul

944 1378 1080 1429 secundum
1090 1380 1165 1430 εοίιιιί
1176 1380 1293 1432 virtulem
1305 1381 1399 1433 ceteris
1409 1382 1479 1433 unco
1493 1382 1646 1434 sublimiores
1656 1385 1729 1444 sunt,

944 1485 1035 1547 quanto
1046 1483 1159 1535 universa
1170 1485 1330 1535 llebrucorum
1341 1487 1412 1549 genle
1422 1486 1480 1538 saul
1496 1486 1630 1538 secundum
1641 1501 1730 1553 eorpo-

945 1585 978 1634 riu
998 1585 1166 1648 proceritatem
1181 1586 1207 1650 (1
1229 1588 1288 1650 ltep.
1314 1593 1353 1637 10.
1372 1587 1435 1651 23);
1448 1588 1498 1639 imo
1511 1590 1537 1640 et
1557 1589 1627 1652 longe
1644 1589 1730 1652 majori
1753 1603 1761 1614 ¹

944 1688 1028 1750 spatio.
1059 1690 1096 1738 lle
1110 1687 1170 1737 mibl
1188 1688 1252 1739 enlm
1272 1688 1313 1739 blc
1325 1689 1482 1740 humerorum
1501 1691 1651 1755 proceritatis
1664 1705 1730 1741 men-

945 1802 1002 1839 sura
1012 1793 1137 1853 queratur
1151 1804 1158 1840 ι
1170 1789 1213 1840 red
1224 1794 1317 1853 quanta
1330 1792 1367 1841 eat
1382 1791 1445 1842 luter
1453 1790 1526 1842 bruta
1542 1794 1567 1843 et
1578 1791 1731 1845 rationabiles

945 1888 1055 1939 homiues
1066 1889 1201 1939 dillerentia
1208 1924 1218 1951 ,
1229 1891 1325 1940 tuntum
1335 1890 1399 1941 inter
1412 1892 1533 1954 pastorem
1544 1893 1569 1943 el
1582 1904 1623 1942 ecs
1634 1892 1675 1954 qui
1688 1904 1730 1955 pa·

945 1994 1045 2040 ταινίαι
1053 1991 1085 2041 sit
1098 1990 1266 2054 intervallum,
1279 2004 1310 2042 ne
1327 1991 1386 2055 quid
1395 1992 1498 2054 amplius
1513 1991 1613 2041 dicum:
1628 2004 1683 2041 nam
1699 1992 1731 2044 do

945 2090 1024 2141 mullo
1042 2091 1172 2154 maioribus
1183 2091 1317 2154 periculum
1334 2093 1379 2142 est.
1412 2091 1537 2154 Siquidem
1548 2093 1590 2156 qui
1601 2106 1660 2143 ores
1674 2107 1730 2157 per·

945 2193 1023 2254 didit,
1035 2197 1078 2242 aul
1095 2192 1158 2255 lupis
1170 2192 1334 2255 rapientibus,
1350 2193 1392 2242 eut
1406 2192 1500 2242 iuribus
1511 2194 1671 2257 instantibus,
1686 2198 1730 2246 aut

946 2296 1012 2357 peste
1023 2295 1142 2357 quadum,
1153 2297 1196 2345 aut
1207 2294 1255 2343 alio
1266 2295 1419 2357 contingente
1428 2308 1501 2356 casu,
1513 2295 1620 2357 aliquam
1630 2297 1730 2348 toruus

946 2399 1041 2448 renum
1059 2397 1185 2448 adoudno
1196 2397 1274 2460 gregis
1290 2397 1469 2459 impetraverim
1481 2397 1615 2460 sin-prenae
1624 2397 1665 2448 ille
1676 2397 1729 2448 eai-

945 2503 999 2565 gal,
1012 2501 1113 2564 pecunia
1124 2503 1219 2550 tantum
1231 2500 1389 2551 mulctabitur
1402 2515 1408 2548 :
1419 2503 1446 2550 at
1454 2501 1494 2551 ille
1502 2500 1542 2550 cui
1555 2500 1679 2561 immines,
1692 2514 1730 2549 ra-

945 2602 1067 2652 liunabilis
1076 2582 1164 2651 diluisti
1177 2615 1249 2663 grex,
1260 2600 1390 2650 concrediti
1401 2602 1475 2662 ειιιιί,
1489 2589 1677 2664 primoquidem
1686 2614 1730 2664 pro

945 2695 1028 2751 ovium
1039 2701 1144 2765 pernicie
1153 2714 1200 2750 ιιοιι
1211 2700 1385 2763 pecuniarum,
1396 2699 1438 2748 sed
1450 2698 1538 2749 animae
1548 2712 1601 2749 sum
1611 2700 1729 2762 jucturam

946 2803 1023 2861 lacit;
1039 2801 1125 2852 deinde
1147 2801 1225 2849 mullo
1241 2799 1319 2861 maius
1338 2783 1483 2862 graviusque
1501 2801 1623 2849 certamen
1645 2800 1729 2851 babet.

946 2912 998 2959 lion
1010 2920 1066 2957 cum
1078 2906 1140 2970 lupis
1154 2905 1197 2968 ipsi
1210 2917 1287 2969 pugna
1304 2905 1339 2954 esl
1349 2939 1356 2965 ,
1368 2916 1413 2953 nec
1421 2903 1453 2953 de
1469 2902 1562 2952 iuribus
1573 2904 1672 2964 meluit,
1688 2916 1730 2953 nc·

944 3023 994 3073 que
1004 3011 1032 3058 ul
1045 3011 1136 3072 pestem
1148 3007 1229 3071 abigal
1240 3021 1255 3057 u
1266 3020 1335 3070 grege
1345 3005 1459 3057 sollicitus
1469 3006 1507 3056 eal
1515 3021 1523 3067 ;
1532 2995 1576 3055 scd
1585 3005 1729 3067 quibuscum

945 3111 1036 3160 bellum
1045 3112 1093 3171 ult,
1103 3112 1128 3160 et
1136 3109 1265 3160 adversum
1277 3111 1340 3170 qiaos
1353 3108 1420 3158 luctu
1429 3106 1547 3169 ineunda,
1558 3104 1616 3154 eudl
1629 3104 1730 3153 beatum

947 3207 1047 3257 Paulum
1060 3207 1180 3257 dicentem
1196 3204 1307 3268 (Epiros.
1321 3209 1345 3254 υ.
1364 3202 1406 3264 ll)
1422 3218 1429 3251 ι
1443 3203 1499 3252 Nost
1514 3203 1554 3251 ecl
1567 3198 1640 3249 noble
1655 3197 1731 3249 luctu

946 3300 1072 3351 aduersus
1079 3293 1587 3362 mnputnemarmrnemsedpdserrur
1594 3294 1732 3357 ρτίιισίρα-

947 3399 991 3446 tur
999 3432 1007 3457 ,
1016 3394 1142 3445 udmrus
1154 3394 1308 3455 potestaten,
1319 3388 1447 3440 aduersus
1457 3386 1552 3438 ιιιιιιιιίί
1565 3388 1679 3438 rectores
1691 3390 1730 3439 te·

946 3488 1089 3538 mebrorum
1099 3486 1189 3536 sucull
1198 3486 1290 3548 buliu,
1299 3483 1428 3535 αθιιετιιιε
1436 3481 1592 3547 splrltuotlo
1601 3483 1731 3547 requttlsu

946 3587 975 3634 ίιι
987 3581 1142 3633 culestlbua.
1174 3580 1285 3630 Vidistln’
1295 3579 1448 3630 inimicorum
1457 3576 1637 3628 multitudinem
1648 3577 1730 3640 bigen-

945 3684 1011 3743 lem,
1025 3680 1154 3745 phalanges
1164 3680 1254 3729 leroces
1264 3692 1313 3728 non
1323 3678 1385 3727 ferro
1395 3676 1508 3737 munitas,
1518 3674 1560 3725 sed
1570 3675 1658 3738 quibus
1666 3673 1730 3724 sulli-

946 3785 979 3832 cit
995 3782 1024 3832 ud
1044 3781 1197 3844 omnigenam
1213 3781 1361 3830 ermulurum
1379 3778 1431 3841 ipsu
1442 3777 1545 3826 naturai
1558 3776 1600 3826 vis
1615 3778 1640 3846 ut
1655 3774 1730 3824 allum

945 3877 1079 3929 exercitum
1087 3876 1170 3926 videre
1182 3876 1277 3925 trucem
1287 3876 1312 3924 et
1322 3873 1465 3927 immanem,
1476 3871 1533 3921 bulo
1543 3869 1607 3932 gregi
1617 3868 1730 3918 insidian·

946 3976 1012 4024 lem?
1029 3972 1108 4035 ipsum
1123 3983 1221 4033 quoque
1238 3982 1270 4019 οιι
1283 3966 1368 4018 eodem
1385 3964 1482 4028 specula
1495 3962 1636 4026 conspicies.
1669 3965 1730 4013 llam
1829 3953 1830 3956 ’

945 4073 988 4135 qul
999 4071 1029 4121 de
1040 4083 1112 4133 supra
1127 4068 1198 4118 dictis
1208 4066 1283 4117 verba
1298 4064 1367 4125 lecit,
1379 4063 1398 4112 is
1409 4063 1460 4125 lpse
1471 4062 1495 4110 el
1508 4061 1552 4110 lios
1569 4059 1638 4109 nobis
1647 4059 1730 4110 hostes

946 4166 1036 4216 indicet
1050 4164 1086 4214 tris
1099 4161 1200 4223 verbis(
1211 4159 1297 4210 dolat.
1310 4164 1334 4208 5.
1354 4160 1421 4206 19-
1430 4154 1472 4216 nt)
1486 4167 1492 4200 :
1508 4151 1651 4212 Monlscslu
1665 4152 1731 4201 sual

945 4273 1025 4324 opero
1041 4262 1131 4310 curnis
1144 4272 1152 4305 :
1165 4269 1223 4321 qum
1238 4256 1303 4305 srmt
1314 4251 1478 4315 fornicatio,
1490 4247 1670 4308 adulterium,
1682 4249 1730 4297 lm-

946 4356 1094 4410 mrsndltlu,
1106 4351 1290 4417 impudicitia,
1303 4347 1433 4398 idolorum
1441 4345 1562 4404 seruitus,
1570 4342 1730 4405 crumelum,

947 4454 1110 4512 inimicitius,
1123 4450 1153 4511 (t
1167 4451 1224 4497 cor.
1239 4451 1273 4494 ιι.
1283 4445 1329 4504 co)
1341 4438 1729 4500 contentiouer,umulotiouss,

947 4551 1009 4604 trcs,
1022 4549 1105 4601 ι’ίαα,
1117 4543 1305 4595 detractiones,
1315 4537 1436 4594 susumt,
1446 4536 1530 4584 animi
1540 4535 1654 4582 tumores
1662 4570 1669 4592 ,
1678 4531 1732 4582 dis·

945 4613 1086 4700 sessiones,
1098 4640 1123 4688 et
1137 4636 1182 4686 alin
1194 4635 1231 4684 llic
1242 4634 1311 4697 plum
1324 4642 1420 4692 :neque
1432 4627 1496 4678 enim
1508 4625 1590 4676 omnia
1603 4637 1730 4675 enumera·

947 4735 998 4794 rit,
1008 4732 1049 4784 sed
1069 4746 1100 4783 ex
1117 4731 1155 4780 llis
1168 4728 1237 4779 nobis
1253 4728 1340 4777 omlera
1355 4723 1451 4785 reliquit
1462 4718 1623 4783 intelligendu.
1656 4721 1731 4768 l‘orro

945 4830 1011 4895 quod
1023 4829 1054 4879 ed
1065 4828 1192 4877 brutorum
1206 4825 1326 4887 pastorem
1337 4818 1457 4883 pertinet,
1471 4816 1512 4881 qui
1524 4826 1619 4878 gregem
1631 4810 1731 4876 perdere

946 4928 1042 4987 volunt,
1054 4925 1096 4975 ubi
1111 4922 1194 4972 vident
1206 4919 1347 4984 preelectum
1360 4914 1501 4978 lugientem,
1511 4923 1560 4960 non
1572 4909 1640 4958 illum
1653 4918 1730 4968 oppu-

946 5024 1029 5087 gnent,
1042 5019 1084 5070 sed
1100 5018 1157 5070 sotis
1172 5015 1263 5067 liabent
1280 5014 1300 5064 sl
1314 5023 1401 5076 pecora
1418 5008 1530 5071 rapiant:
1543 5004 1584 5054 lrlc
1594 5015 1671 5062 vero,
1685 5000 1730 5051 elsi

946 5092 1726 5178 totumgrcgomubrlpuerlnl,nesioquidemapastoreubstlnent‚

946 5184 1729 5278 sedmugisinstantmagisquelemdmtnecprlusluemlaclunt
1780 5255 1787 5266 .
