3892 5867
162 379 198 430 ιι
468 364 671 428 auvsnsus
694 364 1000 426 oruuuusrouas
1021 364 1125 424 vinu
1145 363 1389 425 uuhasricn.
1412 366 1465 425 ιιι.
1651 339 1656 349 ’
1703 368 1773 449 (τι.)

157 500 231 568 τίλος
248 501 342 572 ἐλθεῖν,
369 498 540 577 ἐκωλύσαμεν
564 499 608 558 διδι
628 504 715 560 τοῦτο.
759 502 794 559 Ei
816 498 867 579 γδιρ
892 496 939 557 καί

157 588 281 669 προῄδεις
292 594 369 647 τοῦτο
381 591 484 668 σαρῶς,
504 586 549 646 καλ
564 587 601 665 μὴ
619 585 768 667 στοχασμὸς
784 587 814 646 τδ
827 595 938 666 πρᾶγμα

157 667 189 748 ἦν
206 711 246 721 -
258 674 351 734 πολλοὶ
364 674 416 754 γὰρ
435 673 480 733 καί
494 677 546 732 τῶν
560 677 698 733 πεσεῖσθαι
709 671 939 752 προσδοκηθέντων

157 762 285 835 ἔστησαν·
297 763 366 835 πλὴν
378 761 436 820 ἀλλ’
451 763 473 819 εἰ
481 761 527 821 καί
538 763 637 842 σρόδρα
646 761 780 842 προῄδεις,
790 761 849 821 οὐδὲ
860 760 940 828 οὕτως

129 850 235 909 scith
256 850 390 910 καθέλκειν
413 853 504 929 ἐχρῆν.
546 848 616 910 Οὐδὲ
629 847 690 928 γὰρ,
704 847 730 907 εί
748 871 820 915 τινας
833 847 939 907 πίπτειν

159 938 302 1014 μέλλοντας
322 938 498 1017 προλαθόντες
516 936 749 1014 θποσκελίσαιμεν,
772 937 848 1015 ἀρκεῖ
862 941 940 996 τοῦτο

157 1026 222 1104 πρὸς
236 1025 380 1103 ἀπολογίαν
392 1026 467 1102 ἡμῖν,
482 1025 539 1083 ἀλλ’
552 1025 616 1084 αὐτὸ
630 1024 662 1097 δὴ
675 1031 750 1084 τοῦτο
764 1025 810 1084 καί
823 1023 941 1101 μόλισταί

158 1112 520 1189 ἐστιτδκαταδικιίζονὴμᾶς.
555 1111 940 1192 Διδτίγδιρμὴσυνεχώρησας

157 1205 204 1272 τῆς
219 1202 318 1260 ἐκείνου
337 1200 464 1284 ῥᾳθυμίας
478 1199 598 1276 γενίσθαι
618 1199 648 1259 τδ
662 1204 774 1275 πτῶμα,
788 1199 857 1258 ἀλλὰ
872 1223 939 1278 προ-

119 1308 145 1348 io
159 1286 249 1347 λαθὼν
261 1288 386 1369 ἥρπασας
395 1287 443 1359 τὴν
454 1287 599 1369 ἁμαρτίαν,
612 1287 658 1346 καὶ
669 1286 700 1347 τδ
712 1296 765 1345 πᾶν
778 1288 821 1345 ἐπὶ
832 1286 880 1359 τὴν
891 1286 940 1359 σὴν

158 1376 255 1455 ἤγαγες
266 1376 400 1458 κεραλήν;
415 1378 527 1437 Μᾶλλον
542 1375 569 1434 δέ
583 1376 642 1436 otti
655 1379 827 1456 συγχωρῆσαι
842 1378 939 1455 ἐχρῆν·

158 1466 202 1523 διὰ
213 1464 240 1522 τί
253 1465 304 1545 γὰρ
317 1464 354 1543 μὴ
371 1464 459 1522 πάντα
471 1462 584 1543 ἔπραξας
597 1462 663 1543 ῦπδρ
681 1469 726 1521 τοῦ
741 1462 778 1542 μὴ
792 1468 882 1523 πεσεῖν
896 1463 940 1522 τὸν

158 1552 227 1627 υἱόν;
245 1553 348 1625 Ὥστε,
364 1554 387 1611 εί
406 1552 440 1624 δὴ
455 1553 571 1629 μάλιστα
593 1552 663 1632 ᾔδεις
682 1551 723 1610 ότι
743 1553 875 1626 πεσεῖται,
899 1550 941 1611 διδ

158 1646 235 1702 τοῦτο
251 1641 368 1718 μάλιστα
379 1639 509 1720 τιμωρίας
522 1639 553 1699 δν
564 1631 596 1712 ἧς
611 1639 689 1708 ἄξιος.
733 1640 787 1701 Τὸν
799 1643 850 1720 γὰρ
864 1646 941 1699 τοῦτο

119 1744 144 1785 ιο
158 1728 296 1810 προειδότα
309 1728 369 1807 ούχὶ
388 1725 561 1804 καταόαλεῖν,
573 1725 643 1786 ἀλλὰ
655 1730 732 1805 χεῖρα
746 1728 845 1807 ὀρέγειν
860 1730 940 1809 ἐχρῆν

157 1816 204 1874 καί
224 1814 329 1893 μείζονα
351 1813 528 1873 ἐνδείκνυσθαι
549 1812 597 1884 τὴν
616 1813 731 1884 σπουδὴν
753 1813 818 1894 ὑπὲρ
836 1819 882 1872 τοῦ
896 1814 940 1873 τὸν

158 1903 288 1980 με’λλοντα
310 1900 415 1960 πίπτειν
434 1906 528 1972 στῆναι
544 1900 681 1980 γενναίως,
699 1899 745 1958 εἴτ’
759 1899 852 1977 ἔμελλε
875 1925 938 1971 ατη·

159 1993 266 2067 σεσθαι,
282 1988 335 2047 εἴτε
358 1988 406 2067 μή.
446 1986 490 2049 Τδ
504 1986 556 2068 γὰρ
577 1990 641 2069 παρ’
656 1991 732 2062 ἡμῶν
752 1987 857 2046 ἅπαντα
871 1991 942 2059 πλη-

161 2083 266 2158 ροῦσθαι
287 2078 340 2150 δεῖ,
358 2075 408 2135 κδν
430 2075 513 2156 ἕτεροι
535 2075 618 2152 μηδὲν
636 2075 753 2152 μέλλωσι
776 2082 941 2155 καρποῦσθαι

118 2182 146 2222 iu
159 2169 321 2247 παρ’ήμῶν.
364 2165 442 2232 Τίνος
457 2164 544 2222 ἐνεκευ
567 2163 614 2222 καὶ
634 2162 677 2223 διδ
700 2165 741 2242 τίς
763 2162 824 2223 Ἵνα
847 2164 942 2240 μηκέτι

158 2254 222 2335 πρὸς
242 2259 330 2332 ἡμᾶς,
348 2251 419 2311 ilii
439 2251 503 2332 πρὸς
518 2251 630 2318 ἐκείνους
649 2255 664 2311 ό
684 2243 792 2332 λόγοςῇ
812 2256 849 2332 τῷ
863 2257 936 2332 θεῷ.

155 2339 244 2421 Ὀπιρ
257 2340 303 2400 καί
319 2339 396 2407 αὐτὸς
409 2338 495 2419 ἐλεγεν
509 2340 628 2418 ἐγκαλῶν
643 2342 681 2418 τῷ
696 2337 779 2415 μηδὲν
794 2340 830 2405 εἶς
843 2339 873 2398 τδ
892 2339 939 2397 ταί-

156 2432 251 2489 λαντον
270 2426 453 2508 ἐργασαμένῳ·
471 2455 484 2482 ι
500 2425 575 2487 Ἔδει
594 2426 645 2505 γάρ
657 2447 701 2497 σε,
720 2424 798 2506 φησὶ,
819 2427 941 2484 καταθα·

157 2519 213 2575 λεῖν
226 2515 389 2596 τδ“α’ργύριόν
401 2537 451 2592 μου
466 2512 509 2574 ἐπὶ
520 2511 580 2580 τοὺς
592 2511 759 2592 τραπεζίτας·
771 2512 846 2590 κάγὼ
858 2512 940 2572 ἐλθὼν

118 2618 145 2657 ²⁵
159 2603 227 2681 μετδι
239 2602 316 2662 τόκου
335 2601 459 2682 ἀπῄτησα
480 2600 512 2660 δν
534 2598 632 2659 αὐτόν
676 2598 832 2676 Πειθώμεθα
854 2599 939 2658 τοίνυν

158 2696 196 2773 τῷ
207 2696 292 2751 ταῦτα
305 2695 490 2772 παραινοῦντι,
504 2687 548 2747 ίνα
560 2687 606 2746 καί
617 2688 665 2759 τὴν
677 2688 807 2766 τιμωρίαν
821 2686 939 2769 ἐκρύγω·

158 2803 217 2857 μεν,
260 2780 302 2839 ui
317 2778 368 2859 γὰρ
389 2777 421 2850 δὴ
435 2777 481 2835 καί
495 2776 540 2835 τδν
556 2776 626 2836 Θιδν
641 2772 708 2850 μετὰ
723 2778 775 2832 τῶν
795 2776 939 2854 ἀνθρώπων

158 2867 388 2947 παραλογίσασθαι
402 2864 582 2942 δυνησόμεθα,
599 2861 643 2922 τὸν
656 2865 801 2942 ἐρευνῶντα
816 2862 862 2930 τὰς
876 2887 941 2944 καρ·

158 2954 215 3023 δίας
228 2953 277 3013 καί
285 2954 373 3013 πάντα
388 2955 423 3019 εἰς
441 2951 520 3029 μέσον
544 2949 656 3029 ἄγοντα,
674 2950 720 3009 καὶ
737 2956 874 3029 πανταχοῦ
895 2956 942 3025 τῆς

118 3059 146 3101 οο
160 3045 211 3101 τῶν
222 3041 324 3100 παίδοιν
337 3040 493 3105 ὑπευθύνους
503 3043 626 3098 ποιοῦντα
639 3036 771 3116 σωτηρίας
782 3042 864 3116 ἡμᾶς.
907 3043 941 3100 Εἰ

160 3129 210 3209 γδιρ
225 3127 288 3205 ὁμὴ
303 3127 463 3188 καταύαλὼν
480 3126 510 3186 ro
525 3126 647 3206 ἀργύριον
659 3125 789 3197 τοσαύτην
804 3127 884 3186 ἐδωκε
904 3129 942 3186 δί·

161 3240 220 3289 κην,
235 3218 249 3274 ό
263 3215 308 3274 καί
322 3214 380 3281 τοὺς
403 3214 564 3274 καταόαλεῐν
585 3211 758 3293 βουλομένους
779 3213 899 3287 κωλύων,
916 3216 941 3275 τί

160 3304 297 3382 πείσεται;
311 3303 381 3364 Οὐδὲ
399 3301 449 3382 γὰρ
464 3299 706 3360 κατακυλισθίντων
719 3304 770 3358 τῶν
786 3301 886 3360 παίδων
905 3307 940 3372 εἰς

159 3392 192 3451 'ri
210 3398 254 3451 τοῦ
268 3390 325 3470 βίου
344 3388 490 3470 πράγματα
504 3389 535 3446 ἐκ
548 3390 595 3458 τῆς
615 3386 744 3466 ὑμετέρας
764 3387 941 3464 συμόουλίας,

119 3493 146 3534 σο
160 3479 229 3538 iiii
242 3478 288 3536 καί
302 3475 426 3554 γενναίως
444 3474 601 3550 ίνεγκόντων
614 3473 661 3546 τὴν
683 3476 832 3555 προσθολὴν
850 3478 895 3536 καὶ
909 3478 942 3538 τδ

159 3567 207 3645 όρη
230 3563 434 3626 καταλαόόντων
457 3562 547 3632 πείλιν,
568 3566 586 3634 ἡ
609 3562 675 3633 αῦτη
699 3564 814 3622 κείσεται
837 3566 943 3632 κόλασις

159 3658 212 3722 τοῖς
234 3655 398 3713 διακωλῦσαι
424 3652 589 3731 βουληθεῖσιν
614 3649 718 3718 αὐτούς.
760 3651 870 3733 Ὥσπερ
892 3653 942 3730 γὰρ

160 3749 175 3803 ό
189 3743 254 3825 πρδς
267 3740 418 3823 ριλοσορίαν
428 3740 510 3820 ἄγων,
524 3739 555 3798 ἄν
569 3762 598 3798 τε
612 3739 702 3819 πείσῃ,
716 3740 747 3798 ἄν
761 3741 839 3818 τιμὴ
853 3743 942 3822 πείσῃ,

160 3828 357 3911 ἀπηρτισμένου
380 3827 436 3908 ἔχει
459 3827 504 3888 τόν
525 3826 617 3904 μισθόν
642 3827 693 3904 (εδ
714 3827 765 3908 γὰρ
787 3830 866 3888 αὐτοῦ
890 3840 943 3890 πᾶν

119 3936 147 3980 ω
160 3918 281 3991 ἐποίησεν
292 3916 310 3997 λ·
320 3916 389 3977 ούτω
400 3915 445 3975 καλ
456 3920 470 3974 δ
480 3917 626 3996 διαφθεῖραι
640 3916 788 3993 βουληθείς,
801 3917 832 3976 ι’ίν
844 3941 872 3976 τε
884 3917 942 3998 ἐλῃ,

160 4008 192 4066 ἄν
207 4030 234 4065 τε
247 4005 285 4083 μὴ
298 4006 364 4086 ἴλη,
379 4003 426 4076 τὴν
441 4004 522 4075 αὐτὴν
538 4002 716 4076 ῦποστήσεται
737 4006 827 4076 δίκην·
840 4006 871 4065 τὸ
890 4006 942 4086 γὰρ

161 4096 241 4153 αὐτοῦ
255 4104 308 4152 πᾶν
327 4093 373 4152 καὶ
392 4085 465 4158 οὗτος
481 4092 644 4174 ἐπλήρωσεν.
684 4089 771 4152 Ὥστε
789 4092 839 4152 κδιν
861 4095 943 4170 μηδὲν

160 4180 287 4260 ἰσχύσητε
298 4179 362 4261 πρδς
374 4179 404 4238 τό
418 4179 588 4238 ύποτκελίσαι
602 4178 648 4238 καί
660 4183 778 4239 καθελεῖν
792 4181 825 4240 τὰ
837 4185 942 4260 γενναῖα

160 4273 212 4326 τῶν
227 4268 328 4326 παίδοιν
340 4266 513 4347 φρονήματα,
529 4271 575 4338 τῆς
586 4273 649 4346 γοῦν
662 4269 848 4349 ἐπιχειρήσεως
862 4270 943 4347 μόνης

119 4376 146 4418 ts
161 4355 291 4429 τοσαύτην
311 4356 407 4415 δώσετε
429 4356 520 4430 δίκην,
542 4356 606 4430 ὅσην
628 4360 652 4416 ol
673 4358 824 4422 καθελόντες
847 4361 943 4418 ἐκεῖθεν

178 4466 262 4510 υτους.

160 4468 176 4512 ᾳ
199 4534 286 4596 ’Ταῦτ’
307 4521 351 4590 οῦν
372 4529 539 4602 ruoilum<
560 4531 682 4606 ἅπαντα,
705 4532 751 4592 καλ
769 4531 817 4601 τὰς
832 4533 942 4616 σκήψεις

162 4619 269 4700 ἐφέντες
280 4617 385 4697 πείσας,
403 4617 595 4697 σπομδοίσωμεν
611 4620 738 4698 γενναίων
750 4621 850 4680 παίδων
871 4621 942 4701 γενέ·

56 4769 61 4778 ,
160 4714 220 4767 σθαι
236 4705 359 4786 πατέρες,
377 4704 556 4786 χριστορόρων
577 4707 709 4784 οἰκοδόμοι
727 4708 847 4786 γενέσθαι
862 4712 941 4783 ναῶν,

121 4816 148 4861 εν
161 4794 281 4867 ’ἀθλητῶν
297 4791 457 4875 ἐπουρανίων
471 4794 644 4868 ἐπιμεληταί,
659 4795 821 4877 ἀλείφοντες,
835 4799 941 4877 ὀρθοῦν·

158 4906 215 4957 τις,
226 4880 352 4942 πόντοθεν
365 4878 525 4961 δργαίσασθαι
533 4881 580 4952 τὴν
593 4881 721 4963 ὠρίλειαν
734 4886 830 4963 αὐτῶν,
842 4883 885 4944 ἵνα
896 4885 941 4945 καί

158 4976 211 5030 τῶν
229 4971 364 5052 στεροίνων
377 4972 465 5036 αύτοῖς
476 4970 531 5028 ἐκεῖ
544 4970 754 5049 κοινωνήσωμεν.
796 4973 842 5034 Ἂν
856 4975 883 5033 δὲ
899 4998 940 5055 ρι-

159 5061 290 5129 invenire
298 5102 307 5132 ,
321 5060 344 5116 οί
357 5057 448 5124 παῖδες
462 5055 519 5133 μέν,
533 5057 565 5117 δν
587 5047 636 5117 ὦσι
650 5061 782 5138 γενναῖοι,
804 5062 850 5120 καὶ
864 5063 940 5122 deur·

159 5170 211 5213 τιον
232 5150 306 5229 ὑμῶν
328 5145 371 5210 ἐπὶ
393 5144 494 5220 ταύτην
516 5145 608 5221 ἥξουσι
630 5147 677 5223 τὴν
698 5149 869 5237 Αριλοσορίαν,
894 5152 939 5212 καλ

987 505 1041 556 ilios
1050 506 1225 570 prohibuimus.
1257 506 1356 556 Etiamsi
1363 506 1432 555 ‘euim
1442 505 1465 554 id
1478 505 1542 556 clare
1551 506 1711 570 praecidisses,
1723 524 1773 561 uon

987 604 1069 652 autem
1090 600 1246 663 conjectando
1264 601 1360 663 solum;
1377 601 1448 650 mulii
1466 601 1545 663 enirn,
1560 603 1602 664 qui
1620 602 1710 667 lapsuri
1726 620 1774 670 pu·

988 698 1103 748 labantur
1114 700 1248 759 steteruui;
1263 698 1297 761 si,
1310 698 1424 761 inquam,
1442 697 1501 746 iliud
1511 701 1577 749 certo
1596 701 1775 763 pruscirisaes,

986 807 1017 845 ue
1028 794 1170 857 sicquidem
1186 795 1256 844 ilium
1270 794 1392 845 retrahere
1411 794 1527 857 oportuit.
1560 796 1644 859 Neque
1659 798 1739 859 euim,
1750 802 1775 849 sl

986 891 1112 954 quospiam
1122 890 1152 940 ud
1162 891 1254 954 lapsum
1264 903 1365 954 prunos,
1377 891 1508 953 antequam
1519 891 1563 953 ipsi
1576 891 1674 954 cadant,
1687 896 1775 957 preci·

987 987 1131 1050 pitaremua,
1145 988 1171 1038 id
1188 988 1257 1037 uobis
1275 987 1307 1037 ud
1325 988 1506 1038 excusationem
1518 989 1577 1039 rahe
1592 992 1656 1040 osset
1664 1027 1673 1054 ‚
1689 992 1732 1042 sed
1748 993 1775 1042 id

987 1084 1065 1146 ipsum
1081 1097 1125 1134 uos
1136 1085 1160 1134 iu
1176 1085 1259 1146 primis
1275 1083 1453 1135 condemnaret
1488 1087 1611 1137 cureuim
1621 1101 1669 1138 uon
1685 1090 1775 1152 peruni-

986 1179 1038 1229 sisil
1049 1181 1078 1229 ut
1086 1192 1118 1230 ax
1128 1179 1194 1229 iliius
1203 1180 1303 1243 segnitie
1314 1180 1395 1244 lapsus
1406 1181 1563 1244 contingeret,
1573 1183 1614 1233 sed
1625 1188 1775 1246 praevertens

987 1277 1115 1339 peccatum
1132 1275 1192 1325 iilud
1208 1277 1320 1339 rapuisti,
1336 1278 1466 1340 totumque
1480 1277 1505 1327 iu
1519 1280 1590 1327 iuurn
1605 1281 1775 1342 caputconJe·

988 1377 1059 1427 cisti?
1073 1380 1125 1428 imu
1132 1414 1140 1440 ,
1153 1379 1181 1427 ut
1190 1377 1214 1426 id
1227 1377 1303 1438 heret,
1313 1391 1362 1427 nou
1374 1379 1562 1442 permittendum
1574 1383 1626 1431 erat
1637 1361 1698 1432 z'cur
1708 1384 1777 1434 enim

988 1491 1038 1555 qun
1059 1481 1141 1529 omniu
1157 1479 1248 1540 fecisti,
1265 1481 1293 1529 ut
1314 1492 1345 1529 ne
1360 1483 1441 1531 rueret
1454 1481 1533 1532 iilius?
1546 1484 1631 1545 itaque
1649 1484 1668 1533 si
1687 1485 1776 1547 planis·

987 1580 1047 1630 sinae
1056 1580 1168 1631 scirisaes
1180 1581 1303 1631 ruiturum
1312 1581 1381 1631 iilum
1394 1595 1458 1644 esso,
1470 1582 1524 1633 ideo
1539 1585 1646 1635 maxime
1653 1587 1777 1649 supplicio

987 1675 1075 1738 dignus
1090 1690 1161 1730 esses.
1193 1679 1254 1743 iiarp
1272 1691 1330 1728 eum
1348 1678 1425 1741 quiid
1442 1679 1599 1742 providisset,
1609 1694 1657 1731 nou
1668 1684 1777 1746 praccipi-

988 1773 1103 1835 tare,sed
1118 1787 1217 1823 manum
1234 1774 1354 1837 porrigere
1363 1776 1517 1838 oportuisset,
1533 1777 1698 1841 maioremque
1705 1780 1776 1830 suili-

917 1901 924 1922 ι
989 1869 1122 1920 citudinem
1138 1871 1263 1931 exhihere,
1275 1872 1303 1920 ut
1314 1871 1356 1935 qui
1368 1871 1479 1934 lapsurus
1494 1876 1572 1935 essct,
1592 1874 1685 1925 iortiter
1697 1877 1778 1926 oonsi-

988 1974 1074 2032 aterei,
1088 1972 1139 2022 sire
1158 1974 1255 2024 tandem
1272 1974 1440 2037 manoperam,
1462 1975 1514 2026 sire
1526 1989 1574 2025 nou
1592 1980 1680 2040 posset.
1713 1981 1777 2029 ham

988 2087 1044 2137 quoe
1055 2088 1129 2137 penes
1146 2088 1191 2124 nos
1208 2077 1279 2138 suut,
1295 2077 1485 2140 omniaomequi
1500 2080 1609 2141 oporiet,
1622 2079 1716 2129 etiamsi
1734 2079 1777 2129 aiii

988 2175 1047 2225 nihil
1067 2174 1123 2225 iude
1140 2175 1202 2224 lucri
1219 2177 1391 2240 consequuiuri
1404 2180 1470 2227 sunl.
1504 2178 1626 2238 curhoc.
1642 2185 1778 2244 eiquoco?

988 2280 1022 2327 Ui
1033 2291 1080 2328 uon
1093 2290 1107 2326 a
1118 2277 1196 2341 nobis,
1209 2278 1251 2329 sed
1260 2279 1292 2329 ah
1303 2280 1350 2330 iliis
1359 2281 1420 2330 ratio
1431 2293 1446 2330 u
1456 2283 1507 2331 Deo
1520 2282 1682 2343 expeteretur.
1701 2284 1778 2340 Quod

988 2381 1075 2442 etipse
1088 2382 1123 2442 ei,
1133 2381 1176 2443 qui
1186 2382 1277 2432 ieicuto
1288 2386 1387 2446 accepto
1404 2382 1463 2432 nihil
1474 2383 1581 2433 lucratus
1596 2386 1665 2446 erat,
1683 2398 1777 2447 exuro·

989 2483 1061 2534 brana
1069 2483 1180 2534 dicebat:
1191 2485 1334 2547 operiebat
1344 2488 1414 2535 enim
1424 2488 1458 2546 te,
1468 2485 1547 2548 iuquit
1555 2486 1661 2548 (linitis.
1672 2490 1710 2537 25.
1723 2493 1778 2549 οἳ),

988 2588 1125 2646 perronium
1147 2589 1308 2636 committere
1332 2587 1538 2650 nummulariis,
1560 2593 1586 2639 ei
1606 2602 1650 2653 eoo
1670 2594 1779 2642 ueniens

989 2700 1049 2737 eum
1062 2700 1146 2738 utura
1158 2691 1299 2750 excuterem
1312 2687 1398 2738 itiam.
1426 2672 1631 2753 butomperernus
1642 2692 1713 2754 igitur
1723 2694 1780 2743 hnc

990 2789 1112 2850 mouenti,
1126 2791 1154 2839 ut
1165 2789 1310 2852 supplicium
1329 2790 1479 2852 eiiuqiaruus.
1513 2794 1596 2855 Neque
1613 2793 1678 2842 enim
1692 2797 1776 2844 Deum

989 2906 1045 2942 curn
1056 2892 1193 2942 homiuibus
1208 2892 1290 2942 iaiiere
1301 2895 1442 2955 poterimus,
1454 2894 1496 2956 qui
1512 2897 1634 2945 scrutatur
1645 2896 1735 2958 corda,
1748 2900 1776 2947 et

989 2995 1071 3045 omniu
1079 2996 1106 3045 in
1114 2996 1223 3046 medium
1231 2996 1294 3060 agit,
1305 2997 1347 3059 qui
1356 2997 1447 3060 uhique
1456 3000 1530 3048 etium
1541 2998 1572 3049 de
1584 2999 1688 3050 hiiorum
1699 3001 1781 3055 salute

990 3099 1106 3149 rationem
1122 3113 1136 3149 a
1155 3099 1225 3148 nohis
1240 3100 1339 3162 expetii.
1372 3100 1396 3150 si
1413 3101 1509 3151 enimin
1529 3102 1571 3165 qui
1586 3105 1711 3164 pecuniam
1728 3117 1780 3155 nou

990 3200 1147 3263 deposuerat,
1168 3203 1248 3251 tantas
1268 3215 1350 3265 pronas
1371 3202 1451 3265 dedit,
1470 3203 1511 3265 qui
1531 3203 1650 3267 deponere
1666 3205 1778 3257 volentes

989 3303 1099 3367 impedit,
1109 3304 1169 3367 quid
1180 3304 1301 3368 patietur?
1311 3306 1363 3353 Non
1372 3304 1451 3354 auium
1463 3306 1555 3355 enimsi
1574 3305 1614 3355 hili
1625 3309 1705 3357 restro
1715 3321 1779 3357 con-

990 3406 1042 3463 uitio
1052 3407 1076 3455 in
1088 3407 1215 3458 secularia
1231 3407 1325 3470 negotia
1341 3407 1510 3465 devolvantur,
1522 3408 1564 3459 scd
1579 3408 1651 3458 etiam
1662 3409 1681 3459 si
1692 3411 1772 3474 impc-

989 3511 1044 3559 tum
1056 3509 1149 3559 fortiter
1160 3509 1263 3560 iercuies
1271 3523 1368 3560 rursum
1379 3510 1410 3560 ad
1421 3512 1516 3562 montes
1526 3524 1553 3562 se
1564 3512 1691 3576 recipiant,
1706 3513 1774 3565 idem

990 3611 1667 3676 suppliciumimmiuetiisquiipsosimpedireroinerint
1687 3619 1780 3674 Quem·

990 3713 1122 3763 admodum
1140 3714 1205 3764 enim
1216 3714 1258 3777 qui
1267 3714 1298 3764 ud
1309 3715 1483 3779 philosophiam
1493 3715 1647 3767 christianam
1656 3718 1779 3783 hortatur,

990 3815 1041 3865 sire
1059 3816 1216 3878 persuadeat,
1233 3813 1290 3867 'sire
1308 3830 1371 3878 non,
1396 3817 1525 3880 perfectam
1544 3817 1681 3868 mercedem
1704 3818 1782 3870 habet

992 3917 1066 3979 (nam
1075 3919 1156 3968 totum
1164 3918 1187 3967 id
1197 3910 1261 3981 idoli,
1270 3919 1334 3982 quod
1345 3921 1519 3983 peuenseerat)
1529 3939 1536 3969 ι
1546 3920 1581 3970 sic
1589 3921 1662 3984 etqui
1671 3921 1780 3986 aliquem

990 4022 1089 4086 perdere
1100 4023 1215 4084 uoluerit,
1226 4024 1276 4073 sira
1285 4022 1383 4084 iaeacrit,
1394 4023 1445 4074 sire
1454 4037 1503 4073 nou
1512 4023 1610 4084 leserit,
1620 4025 1705 4076 eudem
1715 4040 1775 4090 snp-

991 4124 1062 4188 plicio
1071 4125 1185 4188 punietur
1196 4138 1266 4186 ’,ποια
1274 4126 1339 4188 quod
1348 4126 1427 4189 potuit
1436 4127 1486 4189 ipse
1494 4139 1592 4189 quoque
1605 4127 1684 4178 totum
1694 4129 1781 4192 impie·

990 4227 1035 4277 vii.
1053 4226 1780 4293 itaqueetsinihiipotueritisadgcuerososdliorumauimus

990 4325 1135 4388 dejiciendos
1150 4330 1175 4377 et
1192 4327 1379 4392 subvertendos,
1397 4329 1472 4379 soiius
1488 4333 1589 4382 munius
1604 4331 1678 4383 vestri
1696 4335 1780 4384 tauiaa

989 4443 1072 4494 ρωιιαε
1082 4429 1177 4491 dabitis,
1189 4433 1291 4494 qunnha
1302 4430 1318 4480 ii
1330 4431 1369 4493 qui
1380 4446 1409 4481 es
1422 4432 1462 4481 ilia
1472 4433 1522 4494 rita
1530 4446 1572 4484 eos
1582 4433 1723 4496 dejecerint.

1021 4536 1080 4585 lianc
1099 4534 1171 4596 igitur
1191 4534 1304 4585 universa
1324 4536 1468 4599 cogitantes,
1486 4537 1566 4587 missis
1583 4538 1780 4592 cavillationibus

989 4638 1110 4699 omnihus,
1119 4637 1258 4690 studeamus
1266 4651 1436 4702 generosorum
1442 4639 1548 4690 liliorum
1558 4643 1638 4704 patres
1644 4643 1778 4704 ossochri·

988 4741 1126 4791 sliieroruua
1146 4741 1281 4792 conditores
1298 4742 1461 4805 templorum,
1477 4743 1624 4794 athiciaruru
1641 4745 1778 4798 coeieshnm

989 4851 1124 4912 curatores,
1138 4853 1266 4912 ungentes,
1275 4851 1403 4914 erigentes,
1414 4851 1521 4915 undique
1529 4853 1664 4903 commodis
1673 4853 1775 4906 iliorum

989 4958 1155 5020 consulentes,
1166 4959 1194 5008 ut
1210 4958 1258 5008 iilic
1271 4972 1373 5023 quoquc
1383 4973 1528 5010 coronarum
1546 4963 1669 5012 consortes
1684 4963 1777 5015 cilicia-

988 5073 1052 5110 mur.
1085 5061 1217 5113 sinautem
1234 5062 1415 5126 contenderitis,
1427 5062 1468 5113 iiiii
1479 5063 1588 5127 quidem,
1600 5065 1620 5115 ai
1631 5066 1778 5119 tortitudine

988 5140 1094 5226 ualeant]
1104 5164 1143 5217 rei
1152 5164 1234 5217 inritis
1245 5165 1313 5218 vohis
1322 5165 1352 5218 ad
1364 5166 1427 5245 hauc
1436 5166 1575 5230 pervenient
1588 5166 1777 5236 philosophiam,
1842 5213 1845 5214 ε
