3892 5867
200 453 257 512 120
333 493 336 501 -

835 447 884 506 DE
908 445 1170 507 vindititium.

1682 449 1809 529 ονωι

192 579 297 661 ῳησῖν,
316 577 408 644 οἵτινες
428 577 581 656 εὐνούχισαν
594 575 699 644 ἑαυτούς
720 576 763 634 διὰ
777 573 824 646 τὴν
844 575 981 657 βασιλείαν
1025 584 1147 634 carlorum
1162 586 1317 635 caricarum
1336 598 1343 633 :
1367 596 1425 634 carn
1443 596 1502 634 vera
1523 597 1566 647 pro
1588 582 1700 635 hostibus
1720 587 1812 648 prerari

199 673 252 727 τῶν
267 670 396 748 οὐρανῶν·
409 693 422 720 ι
434 666 477 724 ὅτε
494 666 521 724 δὲ
535 664 657 744 εὔχεσθαι
671 662 737 744 ῦπῖρ
749 666 801 723 τῶν
814 667 914 745 ἰχθρῶν
925 688 981 723 πα-

202 755 318 833 ρεκάλει,
342 753 415 813 οὐδὲν
439 751 503 833 ὑπὲρ
528 756 576 823 της
593 755 645 810 τῶν
669 749 854 823 λελυπηκότων
881 753 983 834 βλάύης

201 840 297 915 εἰπὼν,
314 840 372 900 οὐδέ
390 845 441 899 τῶν
460 840 594 921 ἀνθράκων
616 841 798 917 μνημονεύσας
821 847 866 901 τοῦ
887 842 982 920 πυρὸς,

176 931 271 989 alili
286 931 372 989 πάντα
387 933 472 989 ἐκεῖνα
484 928 558 1010 αἴρεῖς
567 927 633 1009 πρὸς
647 929 706 996 τούς
718 930 895 1010 μικρολόγους
907 930 982 1007 λέγε·

202 1024 262 1075 σθαι
274 1021 322 1075 καὶ
333 1015 529 1095 ταλαιπώρους,
540 1017 617 1083 αὐτὸς
626 1017 679 1076 ἀπὸ
688 1020 741 1074 τῶν
757 1017 880 1093 μειζόνων
892 1015 984 1083 αὐτούς

201 1105 353 1186 προτρέπει.
398 1102 486 1165 Ποίων
506 1103 538 1175 δὴ
565 1103 677 1178 τούτων,
707 1130 718 1156 ι
744 1100 838 1172 Ὅπως
858 1105 984 1183 γένησθε,

202 1193 293 1273 μησὶν,
307 1192 392 1269 ὅμοιοι
402 1197 447 1250 τοῦ
459 1190 564 1271 Πατρός
579 1193 652 1268 ὑμῶν
664 1196 710 1251 τοῦ
724 1195 750 1250 ἐν
762 1193 814 1260 τοῖς
826 1193 953 1273 οὐρανοῖς.
969 1219 982 1245 ι

202 1280 289 1340 Βλέπε
297 1278 649 1358 πόσοντδέπαθλονΠέτρος
658 1271 983 1359 γὰρῆνδταῦταοῖκούων,

164 1383 189 1422 ¹⁰
203 1369 247 1427 καὶ
261 1366 405 1440 Ἰάκωύος,
420 1367 466 1425 καὶ
485 1365 628 1444 Ἰωάννης,
644 1367 689 1425 καὶ
704 1370 718 1425 δ
739 1368 829 1435 λοιπδς
844 1372 896 1428 τῶν
916 1371 984 1427 σἰπο·

203 1459 301 1516 στολων
311 1455 400 1537 χορός·
413 1454 456 1513 διὰ
468 1459 546 1512 τοῦτο
560 1453 612 1510 ἀπὸ
626 1457 678 1512 τῶν
693 1458 878 1533 πνευματικῶν
893 1453 985 1523 αὐτοῦς

202 1549 291 1624 ἐνῆγεν
304 1545 435 1604 ἐπάθλων.
477 1541 533 1601 Καὶ
545 1544 558 1598 δ
572 1543 678 1608 Παῦλος
692 1542 759 1601 δὲτὸ
770 1542 834 1601 αὐτὸ
847 1542 879 1602 δν
893 1543 985 1614 ἐποίη·

203 1657 265 1709 σεν,
279 1635 302 1692 εἰ
322 1631 386 1712 πρός
399 1653 471 1697 τινας
488 1629 646 1696 τοιούτουςύ
661 1628 736 1708 λόγος
748 1622 779 1702 ἦν
793 1633 878 1712 αὐτῷ·
894 1631 985 1704 ἐπειδὴ

203 1719 231 1779 δὲ
243 1720 306 1801 πρὸς
317 1718 469 1800 Κορινθίους
478 1716 537 1784 τούς
549 1717 716 1798 διιελέστερον
727 1718 922 1799 διακειμένους,
933 1719 985 1793 ἤδη

167 1819 192 1859 li
204 1813 255 1866 τῶν
269 1808 355 1865 πόνων
375 1809 460 1874 αὐτοῖς
474 1805 564 1864 δίδωσι
578 1804 637 1872 τοῦς
651 1805 783 1886 καρποὺς,
797 1805 840 1865 ἵνα
857 1808 988 1888 προθυμό-

203 1920 276 1975 τερον
289 1895 331 1953 ἐπὶ
342 1894 389 1967 τὴν
403 1893 527 1974 ἰργασίαν
538 1894 633 1953 ἔλθωσι
644 1890 690 1964 τῆς
703 1898 807 1975 ἀρετῆς.
850 1894 901 1955 ari
911 1900 987 1953 τοῦτο

203 1987 248 2044 καὶ
266 1988 280 2043 δ
302 1982 370 2051 Θεὸς
384 1982 521 2049 Ἰουδαίοις
540 1981 614 2062 ἀρεῖς
627 1983 834 2060 ἐπαγγείλασθαι
849 1984 986 2062 βασιλείαν

203 2075 335 2152 οὐρανῶν,
350 2069 384 2129 τὰ
398 2075 444 2141 τῆς
460 2075 508 2146 γῆς
526 2069 661 2149 ἐχαρίζετο
674 2069 774 2144 ἀγαθά·
790 2070 836 2128 καλ
851 2070 912 2128 ἀντὶ
933 2074 986 2129 τῶν

203 2162 324 2238 πονηρῶν
338 2158 365 2216 δὲ
376 2157 495 2237 πράξεσιν
507 2159 536 2215 ού
548 2157 670 2235 γέενναν,
684 2157 752 2216 ἀλλὰ
764 2155 811 2225 τδις
821 2159 848 2216 ἐν
860 2161 898 2235 τῷ
912 2159 987 2216 αἰῶνι

117 2287 122 2297 ·
163 2260 190 2299 κθ
207 2247 290 2324 τούτῳ
303 2244 436 2326 συμφοράς
450 2244 565 2317 ἠπείλει,
573 2242 665 2321 λιμοὺς
673 2244 718 2302 καὶ
727 2243 834 2320 λοιμούς
845 2245 890 2303 καὶ
898 2245 987 2312 νόσους

205 2335 250 2393 καί
262 2332 392 2409 πολέμους
402 2332 447 2390 καὶ
458 2331 656 2412 αἰχμαλωσίαν,
670 2331 715 2390 καὶ
725 2329 774 2390 δσα
784 2337 892 2390 τοιαῦτα
901 2330 986 2413 ἕτερα.

204 2422 314 2488 Τούτοις
334 2419 385 2500 γδιρ
408 2422 507 2496 μᾶλλον
523 2422 548 2477 σί
574 2418 763 2499 σαρκικώτεροι
777 2422 828 2477 τῶν
844 2418 986 2501 ἀνθρώπων

203 2510 374 2590 κατάγονται,
389 2508 434 2567 καῖ
453 2514 536 2568 ταῦτα
552 2510 652 2585 μᾶλλον
668 2510 813 2567 δεδοίκασι·
828 2511 879 2567 τῶν
895 2507 922 2567 δὲ
937 2510 988 2588 οὐχ

197 2597 343 2677 δρωμένων
362 2595 421 2655 οὐδὲ
440 2594 577 2675 παρόντων
592 2595 718 2654 ἐλάττονα
739 2600 874 2654 ποιοῦνται
897 2594 984 2673 λόγον.

163 2696 190 2737 ²⁶
204 2686 254 2747 Διδι
274 2691 349 2745 τοῦτο
367 2684 413 2743 καῖ
426 2688 440 2741 δ
455 2683 560 2748 Παῦλος
577 2684 678 2750 τούτοις
692 2685 793 2758 μᾶλλον
811 2683 986 2763 ἐνδιατρίύει,

204 2775 221 2833 δ
233 2776 350 2852 μάλιστα
362 2775 447 2832 αὐτῶν
459 2769 612 2830 καθικέσθαι
624 2774 671 2838 τῆς
688 2768 841 2849 παχύτητος
852 2761 884 2842 ἦν
899 2770 986 2830 ἱκανά.

195 2862 275 2941 ,Πρὸς
289 2860 390 2926 τούτοις
402 2859 429 2917 δὲ
441 2861 546 2919 κάκεῖνο
561 2857 641 2925 δεῖξαι
655 2857 794 2933 ἔύούλετο,
808 2858 848 2916 ότι
865 2860 917 2916 τῶν
938 2856 986 2934 μὲν

204 2951 291 3008 ἄλλων
306 2950 411 3027 ἀγαθῶν
422 2951 477 3006 ἔνια
491 2948 602 3005 ἐνταῦθα
615 2945 662 3023 μὲν
675 2951 747 3023 ἡμᾶς
756 2948 843 3014 πόνοις
854 2945 986 3026 περιύάλ-

203 3040 243 3096 λει
256 3038 376 3109 πολλοῖς,
388 3036 433 3094 τὸν
446 3037 472 3093 δὲ
485 3036 586 3114 καρπὸν
600 3033 706 3092 ἅπαντα
718 3037 744 3092 έν
757 3036 794 3113 τῷ
808 3034 930 3109 μέλλοντι
941 3057 986 3091 τα-

163 3141 193 3181 ao
205 3125 323 3203 μιεύεται
335 3125 436 3203 χρόνῳ·
450 3127 468 3193 ἡ
484 3123 511 3181 δῖ
523 3121 651 3202 παρθενία
671 3123 697 3180 ἐν
711 3122 784 3203 αὐτῷ
796 3124 833 3201 τῷ
845 3127 985 3200 κατορθοῦ·

203 3218 263 3271 σθαι
279 3214 308 3270 οὐ
323 3209 417 3291 μικράς
438 3216 503 3287 ἡμῖν
517 3211 661 3268 ἀποδίδωσι
681 3208 728 3276 τλις
741 3209 872 3285 ἀμοιῦδις,
894 3209 986 3268 τοσού·

204 3325 255 3359 των
274 3300 480 3358 ἀπαλλάττουσα
499 3298 585 3357 πόνων
610 3298 656 3356 καλ
670 3300 822 3379 φροντίδων.
865 3297 942 3358 Μετὰ
959 3299 986 3357 δὲ

203 3386 368 3447 τούτωνκαὶ
391 3386 476 3466 τρίτον
497 3409 523 3443 τι
542 3384 781 3463 συγκατεσκεύασε.
823 3387 921 3463 Ποῖον,
946 3387 986 3445 Τὸ

195 3476 242 3552 ’μὴ
257 3480 309 3534 τῶν
324 3473 459 3534 ἀδυνάτων
474 3479 630 3550 νομισθῆναι
646 3464 713 3532 εἴναι
727 3473 758 3532 τῦ
772 3482 902 3554 πρᾶγμα,
917 3473 986 3532 aliid

163 3567 250 3624 συκαῖ
265 3567 317 3622 τῶν
331 3564 431 3644 σρόδρα
444 3564 571 3621 δυνατῶν.
615 3562 693 3621 Ποιεῖ
704 3559 731 3621 δὲ
746 3561 810 3622 αὐτὸ
820 3609 828 3638 ,
838 3563 870 3621 ἐκ
881 3585 986 3644 περιου·

193 3656 260 3720 σίας
282 3654 382 3723 πολλῆς
402 3653 446 3710 τὸν
469 3653 554 3730 γάμον
575 3651 728 3732 ἀποφαίνων
750 3651 872 3718 πλείονας
891 3653 986 3731 ἔχοντα

106 3779 111 3788 ·
203 3741 358 3818 δυσκολίας,
371 3743 407 3808 ὡς
418 3742 441 3797 el
455 3740 519 3817 πρός
531 3761 588 3795 τινα
600 3739 691 3816 ἔλεγε·
704 3740 848 3818 Μοχθηρὸν
863 3739 910 3797 καὶ
924 3740 984 3798 ἐπί-

202 3829 282 3890 πονόν
296 3851 337 3886 σοι
351 3826 382 3884 ai
402 3835 513 3905 πρᾶγμα
529 3816 686 3885 εἶναιτοῦτο
702 3827 787 3898 δοκεῑ;
811 3827 844 3884 δι’
860 3826 922 3885 αὐτὸ
939 3826 987 3903 μὲν

203 3907 344 3974 νῦντοῦτο
367 3913 449 3993 ἔγωγέ
470 3938 538 3994 ρημι
557 3915 609 3989 δεῖν
630 3913 694 3971 αὐτὸ
709 3913 841 3990 μετιέναι,
858 3913 898 3972 ὅτι
919 3915 987 3974 otro

163 4028 190 4068 ιο
205 4005 299 4084 ῥᾷστόν
317 4006 407 4082 ἐστιν,
421 4007 456 4070 ὡς
472 4005 562 4083 πολλῷ
579 4007 624 4060 τοῦ
644 4001 732 4077 γάμου
754 4002 903 4083 πράγματα
922 4007 986 4079 ἡμῖν

203 4091 329 4170 παρέχειν
343 4091 458 4150 ε’λάττω·
472 4091 562 4161 ἐπειδὴ
575 4090 625 4166 γάρ
640 4090 783 4171 ρείδομαι,
798 4091 896 4172 φησὶν,
912 4094 986 4167 ὑμῶν

194 4178 250 4240 Ικαλ
274 4182 303 4238 οὐ
325 4180 453 4260 βούλομαι
471 4182 557 4260 θλῖψιν
573 4183 643 4256 ὑμᾶς
661 4177 748 4257 ἔχειν,
766 4178 808 4236 διδι
823 4184 900 4237 τοῦτο
920 4181 988 4255 ὑμᾶς

204 4270 234 4327 οὐ
245 4268 312 4325 θελοι
323 4276 427 4345 γαμεῖν.
470 4266 525 4328 Παλ
539 4268 617 4325 ποίαν
629 4270 715 4347 iii-po
724 4288 732 4338 3
741 4264 804 4332 ἴσως
819 4264 851 4323 διν
861 4265 929 4322 εἴποι
940 4288 987 4331 τις·

204 4354 351 4413 τούναντίον
366 4356 412 4432 μὲν
427 4348 471 4414 οῦν
483 4356 527 4413 καλ
541 4354 628 4413 οἴνεσιν
643 4354 738 4432 ἔχοντα
751 4352 852 4423 πολλὴν
867 4350 913 4410 καῖ
925 4375 987 4429 τρυ·

165 4467 193 4506 ln
205 4443 255 4525 pipi
269 4442 313 4502 rou
327 4443 412 4522 γάμον
425 4443 579 4522 εύρήσομεν.
624 4443 679 4502 Καὶ
692 4445 795 4519 πρῶτον
810 4440 937 4498 ἁπάντων
957 4440 989 4499 τδ

205 4529 273 4606 μετά
283 4530 370 4603 πάσης
382 4530 469 4595 ἀδείας
477 4530 523 4602 τὴν
535 4529 675 4606 ἐπιθυμίαν
685 4531 868 4609 ἀποπληροῦν,
877 4527 922 4584 καὶ
935 4551 989 4604 μη-

206 4618 298 4695 δεμίαν
313 4619 365 4677 ἀπὸ
379 4622 425 4688 τῆς
439 4617 539 4701 μύσεως
559 4618 698 4695 ὑπομένειν
709 4617 786 4698 βίαν,
801 4620 830 4676 οὐ
846 4618 938 4697 μικρὸν
953 4622 989 4686 εἷς

207 4706 342 4787 ῥᾳστώνης
353 4706 429 4782 λόγον
445 4706 529 4765 ἐστίν·
548 4707 639 4765 ἔπειτα
650 4707 688 4764 ’τὸ
706 4705 752 4764 καλ
771 4704 820 4776 τὴν
834 4705 918 4778 οἴλλην
933 4707 989 4765 δια·

206 4794 295 4873 γωγὴν
307 4796 479 4874 ἀπηλλάχθαι
490 4795 634 4874 κατηφείας
645 4794 690 4853 καὶ
700 4796 803 4872 αὐχμοῦ
813 4839 822 4868 ,
834 4795 879 4852 καὶ
890 4795 989 4870 μεστὴν

167 4912 197 4951 ω
208 4876 275 4944 εἶναι
295 4883 465 4964 ραιδρότητος
478 4884 524 4943 καὶ
537 4883 649 4961 γέλωτος
669 4882 714 4941 καὶ
730 4890 825 4961 χαρᾶς.
869 4885 923 4942 Καί
938 4884 989 4964 γὰρ

208 4972 324 5051 τραπέζη
339 4973 491 5045 πολυτελεῖ,
504 4971 550 5030 καὶ
565 4974 694 5049 μαλακοῖς
706 4971 835 5047 ἱματίοις,
850 4971 894 5030 καί
906 4995 990 5052 στρω-

209 5065 261 5140 μνῇ
274 5060 465 5140 μαλακωτέρα,
480 5059 525 5118 καὶ
536 5061 651 5140 λουτροῖς
666 5058 808 5132 διηνεκέσι,
823 5059 869 5119 καὶ
879 5060 988 5139 μύροις,

208 5147 254 5205 καὶ
274 5148 335 5229 οἴνῳ
350 5147 432 5228 μύρου
455 5146 528 5207 οὐδὲν
548 5148 635 5228 χεῖρον
657 5147 831 5228 διακειμένῳ,
848 5147 893 5206 καῖ
912 5149 989 5229 ἑτέρα

209 5233 293 5309 πολλῇ
309 5234 353 5293 καλ
369 5234 610 5328 διαμόρῳγδαποίνη
626 5239 831 5317 λειτουργοῦντες
849 5240 881 5316 τῇ
897 5237 989 5317 σαρκὶ,

1027 703 1119 763 monet,
1128 715 1173 752 nec
1186 702 1323 754 detrimenti
1340 716 1425 753 eorum
1437 703 1479 766 qui
1492 703 1608 766 laeserint,
1622 718 1667 755 nec
1687 707 1814 769 igraeorum

1028 822 1161 871 carlmanni
1175 822 1348 884 meminit,serl
1364 836 1392 873 ea
1407 825 1490 873 omnia
1506 825 1664 887 pusillanimis
1673 839 1703 876 ac
1720 829 1815 880 miseris
1908 881 1910 892 ,

1028 941 1129 992 dicenda
1140 941 1272 1004 dimittens,
1284 944 1334 1006 ipse
1341 956 1382 993 eos
1392 943 1523 1006 majoribus
1532 945 1636 1008 praemiis
1646 947 1742 998 inritat.
1756 949 1817 1005 Qui·

1028 1061 1147 1112 bunnam?
1160 1062 1266 1125 (Marti.
1280 1071 1302 1114 5.
1317 1065 1364 1126 lo)
1381 1067 1412 1114 Ut
1428 1063 1525 1115 similes
1537 1067 1606 1122 silis,
1619 1066 1708 1129 inquit,
1724 1070 1816 1118 Patria

1030 1186 1109 1233 ueriti
1119 1187 1165 1247 qul
1173 1187 1201 1234 ln
1210 1185 1282 1235 coelis
1293 1184 1413 1235 ostillon
1421 1187 1540 1248 quantum
1548 1186 1690 1248 praemium
1700 1200 1759 1236 nam
1770 1201 1816 1237 au·

1029 1303 1119 1354 ditores
1127 1306 1195 1354 erant
1206 1304 1299 1366 Petrus,
1307 1304 1422 1367 lacobus,
1431 1305 1544 1368 loannes,
1552 1308 1688 1370 caeteraque
1694 1310 1818 1371 apostolo·

1030 1436 1084 1475 rum
1102 1423 1189 1475 turba:
1202 1425 1282 1487 itaque
1293 1438 1334 1476 aas
1345 1424 1492 1488 spiritalibus
1504 1427 1609 1489 premiis
1621 1428 1705 1479 allicit.
1739 1432 1819 1493 aequa

1030 1543 1094 1594 idem
1108 1545 1133 1594 et
1146 1544 1352 1605 Paulusiecisaet,
1363 1546 1451 1595 sicum
1460 1545 1550 1596 talibus
1562 1548 1691 1598 tractasset
1705 1549 1766 1599 :aad
1777 1551 1818 1614 qai

1031 1674 1087 1711 cum
1098 1662 1230 1713 corinthiis
1241 1665 1336 1727 ageret,
1351 1663 1433 1714 adlruc
1444 1664 1527 1715 rudius
1538 1666 1705 1728 atiectis,1am
1716 1668 1774 1719 inde
1786 1670 1819 1719 eis

1033 1782 1262 1834 labarumlructuna
1280 1784 1406 1847 proponit,
1416 1798 1466 1848 quo
1482 1785 1580 1836 virtutis
1593 1788 1718 1849 negotium
1739 1802 1819 1852 proas-

1031 1901 1082 1951 tias
1090 1900 1185 1951 inirent.
1217 1903 1527 1966 lieqnealiamobmusam
1538 1904 1818 1966 Deuslndrela,omissa

1032 2021 1135 2072 celestis
1144 2022 1209 2084 regni
1215 2022 1398 2086 pollicitatione,
1405 2023 1500 2073 terrena
1506 2021 1569 2072 bona
1579 2023 1738 2088 largiebatur,
1746 2029 1771 2076 et
1777 2041 1819 2089 pro

1032 2138 1162 2189 smloinru
1175 2151 1224 2189 non
1242 2138 1388 2201 geliennam,
1400 2139 1442 2190 sed
1459 2141 1506 2189 teri
1519 2141 1592 2203 hujus
1603 2143 1819 2208 calamitaics,pa·

1034 2259 1109 2320 stem,
1124 2258 1228 2321 tamem,
1238 2259 1336 2310 morbos
1341 2295 1349 2321 ,
1359 2259 1436 2322 belia,
1447 2260 1558 2311 exsilium
1567 2298 1575 2323 ‚
1585 2262 1728 2327 reliquaque
1735 2264 1820 2315 simila

1034 2372 1241 2422 comminabatur:
1251 2372 1289 2423 liis
1302 2373 1368 2424 enim
1380 2374 1525 2425 carnaliores
1537 2377 1613 2439 magis
1623 2379 1781 2428 continentur
1790 2393 1817 2428 ac

1034 2486 1218 2550 perterrelinnt3
1238 2487 1270 2538 rle
1291 2488 1321 2538 iis
1340 2501 1399 2539 vero
1419 2502 1475 2553 que
1501 2495 1625 2554 aspectum
1646 2494 1755 2558 lapaut,
1776 2508 1819 2552 nac

1033 2602 1120 2663 prasio
1130 2600 1192 2662 sint,
1203 2601 1283 2651 minus
1296 2605 1425 2664 aagrrntur.
1459 2606 1541 2661 Quare
1556 2606 1645 2656 Paulam
1659 2610 1684 2656 in
1703 2608 1734 2659 iis
1746 2610 1817 2672 magis

1034 2711 1123 2775 haeret,
1136 2726 1192 2777 quoe
1202 2726 1285 2764 eorum
1295 2713 1433 2767 tarditatem
1446 2689 1596 2780 potissimum
1611 2720 1721 2773 ferirent.
1758 2727 1818 2773 Prae·

1033 2830 1099 2878 terea
1109 2828 1169 2886 iliud
1180 2841 1279 2892 quoque
1287 2829 1414 2880 ostendere
1425 2832 1529 2895 solebat,
1540 2835 1686 2885 caeterarum
1701 2838 1817 2887 virtutum

1033 2941 1150 3003 quasdam
1171 2942 1211 2991 laic
1227 2956 1273 2992 nos
1290 2943 1375 2994 multis
1393 2944 1516 2997 labudbus
1531 2959 1660 3010 exercere,
1672 2951 1698 2999 et
1714 2950 1818 3001 tractum

1033 3069 1129 3106 omnem
1149 3057 1296 3108 infuturum
1312 3059 1409 3122 tempus
1420 3059 1524 3110 condere
1546 3061 1731 3126 :uirginitatem
1750 3078 1820 3127 vero,

1036 3179 1109 3228 eliam
1122 3177 1181 3226 dnm
1195 3178 1293 3240 colitur,
1305 3192 1354 3229 non
1365 3179 1445 3229 lesem
1456 3178 1527 3230 nobis
1537 3180 1760 3243 compensationem
1769 3182 1820 3231 red-

1039 3294 1112 3353 dere,
1124 3306 1180 3356 quae
1200 3307 1246 3343 nos
1261 3296 1298 3343 tot
1309 3293 1424 3343 erumnis
1443 3296 1518 3355 atque
1537 3293 1600 3343 curis
1616 3292 1711 3344 liberet.
1746 3298 1821 3357 nsque

1036 3406 1132 3470 insuper
1142 3410 1166 3458 ei
1181 3408 1280 3457 tertium
1294 3407 1409 3471 quiddam
1421 3407 1541 3471 praestitit.
1574 3408 1715 3466 Quidnam?
1732 3411 1769 3460 Ne
1786 3422 1820 3459 res

1038 3520 1191 3585 impossibilis
1204 3521 1351 3584 crederetur,
1360 3521 1403 3572 sed
1413 3522 1450 3572 rel
1460 3522 1485 3571 in
1494 3521 1577 3585 primia
1585 3522 1670 3573 facilia
1703 3524 1730 3575 Ιι1
1742 3527 1820 3575 auiam

1035 3637 1211 3699 ellicil,inssse
1229 3637 1255 3687 in
1271 3636 1426 3687 matrimonio
1444 3636 1498 3701 pius
1508 3635 1681 3688 difficultatum
1700 3638 1819 3690 iacilede·

1040 3756 1190 3814 menstruum
1201 3751 1269 3815 qnasi
1279 3719 1370 3802 diceret
1381 3770 1387 3800 ε
1405 3750 1601 3804 AErumnosatibl
1611 3764 1641 3801 ao
1655 3751 1775 3802 mbomosa
1786 3764 1820 3801 rsa

1036 3867 1148 3917 ridetur?
1167 3865 1280 3929 equidem
1299 3878 1357 3915 vero
1375 3866 1501 3928 propterea
1518 3866 1708 3928 persequendam
1722 3879 1819 3927 οσιισοο,

1037 3979 1103 4043 quod
1121 3979 1182 4030 adeo
1204 3979 1263 4030 laris
1276 3979 1322 4040 sii,
1340 3981 1369 4028 ut
1385 3978 1537 4040 negotiomm
1555 3979 1634 4029 multo
1651 3980 1734 4029 minus
1750 3992 1821 4044 quarn

1038 4095 1220 4145 matrimonium
1231 4094 1348 4158 praebeat.
1381 4096 1441 4144 liam
1453 4106 1509 4143 cum
1524 4093 1593 4142 vobis
1605 4106 1701 4156 parcam
1710 4129 1718 4154 ,
1728 4092 1820 4158 inquii,

1039 4223 1084 4261 nec
1094 4210 1167 4260 relirn
1177 4209 1284 4260 miserias
1296 4208 1398 4270 habere,
1408 4209 1516 4271 optarem
1526 4221 1570 4258 uos
1580 4208 1763 4258 matrimonium
1774 4219 1820 4258 uon

1040 4326 1190 4376 contrahere.
1224 4326 1303 4381 Quam
1327 4324 1464 4373 miseriam?
1481 4321 1546 4373 dicat
1568 4322 1669 4373 tortasse
1686 4322 1818 4386 quispiam

1034 4440 1085 4490 imo
1099 4453 1158 4489 vero
1168 4437 1282 4502 grandem
1293 4438 1479 4488 oblectationem
1490 4450 1519 4487 aa
1532 4436 1631 4488 delicias
1644 4437 1735 4488 babere
1752 4438 1813 4487 inre

1035 4554 1138 4603 niemns.
1170 4554 1251 4617 Atque
1261 4553 1285 4601 in
1295 4552 1379 4616 primis
1388 4565 1482 4602 summa
1492 4565 1549 4601 eum
1560 4552 1818 4615 lieentiacupiditatem
1909 4569 1910 4596 ι

1042 4669 1152 4731 explere,
1168 4682 1214 4718 nec
1227 4669 1280 4731 cogi
1296 4669 1390 4718 naturae
1403 4668 1519 4730 impetum
1534 4667 1610 4727 lerre,
1628 4681 1677 4717 non
1695 4667 1817 4743 minimum

1036 4783 1131 4833 lacitad
1144 4783 1303 4836 facilitatem:
1316 4782 1463 4846 insuperque
1473 4780 1567 4845 reliqua
1575 4781 1655 4830 oannis
1669 4783 1718 4830 rita
1731 4794 1745 4830 a
1759 4792 1817 4830 nale-

1039 4911 1092 4947 rore
1101 4909 1131 4947 ac
1139 4897 1250 4961 squalore
1261 4896 1349 4957 libera,
1358 4895 1499 4958 hilaritatis,
1510 4896 1584 4955 risus,
1598 4895 1678 4958 gaudii
1692 4896 1759 4958 plena
1775 4895 1816 4944 est.

1038 5012 1131 5064 Etenim
1139 5014 1164 5062 et
1170 5011 1274 5076 opiparis
1281 5011 1378 5072 mensis,
1385 5010 1523 5062 etdelicatis
1531 5010 1647 5073 restibus,
1654 5013 1679 5061 et
1689 5010 1753 5059 molli
1760 5011 1817 5066 tora,

1038 5130 1063 5179 at
1072 5128 1194 5192 perpetuis
1206 5127 1312 5190 balneis,
1323 5129 1348 5178 et
1360 5127 1501 5191 unguentis,
1513 5127 1538 5177 et
1550 5126 1737 5188 uinoonguento
1747 5123 1816 5173 nitito

1037 5244 1164 5307 deteriori,
1179 5243 1274 5308 aliaque
1292 5244 1405 5295 multane
1419 5243 1485 5294 uaria
1501 5243 1608 5306 impensa
1619 5240 1713 5305 corpori
1724 5248 1815 5290 nuncu
1889 5289 1892 5296 ,
1909 5265 1910 5288 ι
