3892 5867
124 408 169 481 lu,
182 406 221 477 ³⁵)

117 525 278 606 πορφυρίδος
300 529 317 595 ἡ
342 524 452 601 μηλωτί,
479 517 529 596 ἦν,
545 525 590 583 καλ
615 528 665 584 τῶν
687 526 830 603 βασιλικῶν
855 526 898 580 αὖ·

118 617 169 673 λῶν
194 614 227 673 ab
242 614 373 682 σπήλαιον
396 619 441 671 τοῦ
467 614 578 674 δικαίου.
630 614 681 674 Διά
701 615 838 672 τοῦτοκαὶ
863 616 898 679 εἰς

118 704 160 760 τὸν
177 702 288 781 οὐρανὸν
303 699 392 773 ἀνιὼν,
410 700 482 760 οὐδὲν
496 701 582 780 ἕτερον
596 700 656 758 ἀλλ’
674 700 691 771 ἢ
709 700 756 770 τὴν
771 701 896 776 μηλωτὴν

117 793 271 867 τῷμαθητῇ
287 789 422 847 κατέλιπε.
471 789 547 847 Μετά
564 788 677 864 ταύτης,
694 790 771 868 φησὶ,
788 792 826 868 τῷ
843 791 897 847 δια·

95 876 188 956 ιθόλυρ
203 877 354 952 ίποίλαισα,
368 875 468 944 ταύτην
483 874 571 934 λαθὼν
590 876 696 945 ὁπλίζου
710 877 754 934 καί
777 874 809 934 σθ
838 881 897 934 κατ’

117 964 223 1021 ἐκείνου·
241 963 348 1042 ἰσχυρόν
367 962 419 1039 γάρ
433 960 512 1020 δπλον
529 963 717 1038 ἀκτημοσύνη,
737 952 781 1020 καί
797 964 898 1020 σἰκατα-

116 1050 240 1127 γιίινιστον
254 1047 435 1128 καταγώγιον,
447 1048 492 1106 καὶ
503 1047 599 1127 πύργος
614 1049 765 1113 ἀσάλευτος.
818 1048 897 1106 ’ilit-

118 1137 177 1204 ξατο
190 1137 313 1214 καθάπερ
337 1135 461 1211 μεγίστην
484 1135 660 1213 κληρονομίαν
674 1136 722 1207 τλν
741 1135 899 1210 μηλωτηνδ

116 1223 277 1288 ‘Uenusiae‘
291 1224 337 1282 καὶ
351 1221 402 1301 γθρ
422 1214 454 1293 ἦν
469 1224 572 1292 ἀληθῶς
593 1221 704 1299 μεγίστη
723 1222 896 1302 κληρονομία,

87 1328 106 1366 1⁰
117 1311 213 1378 παντὸς
232 1310 342 1389 χρυσίου
362 1302 517 1386 τιμιωτέρα,
533 1310 586 1367 Καὶ
607 1302 638 1380 ἦν
653 1308 775 1390 [tardae]
791 1311 899 1375 διπλοῦς

116 1397 209 1463 ’Ἠλίας
222 1399 334 1467 ἐκεῖνος,
350 1396 396 1454 καί
410 1388 441 1467 ἦν
457 1396 511 1453 ἀνω
526 1396 632 1466 Ἠλίας,
652 1396 696 1453 καὶ
709 1395 780 1453 καίτω
793 1395 897 1461 Ἠλίας.

117 1476 183 1545 Οἶδα
195 1485 238 1543 ὅτι
249 1483 407 1562 μακαρίζιτε
421 1481 464 1541 τδν
479 1484 576 1541 δίκαιον
589 1486 694 1555 ἐκεῖνον,
708 1481 754 1540 καί
764 1482 899 1540 ἐύούλεσθε

119 1570 194 1637 αὐτὸς
207 1571 320 1638 ἕκαστος
334 1573 429 1637 ἐκεῖνος
445 1561 521 1629 εἶναι.
544 1571 579 1630 Τί
593 1563 648 1645 οῦν,
665 1570 698 1629 διν
708 1574 769 1645 ὑμῖν
781 1571 900 1640 ἐπιδείξω

119 1659 156 1717 ότι
171 1658 259 1736 ἕτερόν
275 1682 302 1716 τι
324 1660 416 1738 πολλῷ
432 1662 519 1734 μεῖζον
539 1657 637 1717 ἐκείνου
658 1658 753 1723 πάντες
772 1659 899 1732 ἔλαίῦομεν

88 1759 107 1797 ¹⁵
119 1748 141 1804 ol
153 1745 444 1822 μεμυσταγωγημίνοις
464 1744 499 1805 ‘0
516 1746 563 1821 μὲν
578 1747 628 1825 γὰρ
651 1745 745 1810 Ἠλίας
774 1746 898 1822 μηλωτὴν

114 1836 200 1914 ἀφῆκε
217 1836 255 1911 τῷ
272 1837 386 1912 μαθητῇ·
401 1836 415 1890 δ
434 1832 461 1891 ol
480 1832 542 1899 Υίθς
551 1838 596 1890 τοῦ
609 1836 679 1893 Θεοῦ
690 1832 839 1891 ἀναόαίνων
853 1834 899 1904 τὴν

119 1923 203 2000 σιίρκοι
214 1926 280 1995 ἡμῖν
299 1923 425 1981 κατέλιπε
440 1920 486 1993 τλν
513 1924 618 1979 ἑαυτοῦ·
636 1923 695 1979 ἀλλ’
716 1919 792 1997 ὁμὲν
807 1922 900 1988 Ἠλίας

119 2010 335 2084 ἀποδυσάμενος,
361 2013 375 2068 δ
397 2008 425 2066 δὲ
443 2007 556 2088 Χριστός
570 2008 615 2066 καί
628 2011 694 2084 ἡμῖν
715 2006 840 2066 κατέλιπε
854 2009 900 2067 καλ

120 2097 184 2175 ἔχων
199 2097 283 2167 αὐτὴν
301 2099 407 2168 ἀνῆλθε.
425 2095 471 2166 Μὴ
490 2096 574 2155 τοίνυν
588 2095 816 2171 καταπίπτωμεν,
833 2096 900 2171 μηδὲ

87 2202 108 2241 m
120 2183 281 2262 δδυρόιμεθα,
305 2183 372 2260 μηδὲ
386 2183 525 2242 δυσκολίαν
541 2182 683 2264 φειδώμεθα
699 2186 808 2263 καιρῶν·
823 2188 836 2243 θ
849 2183 900 2263 γάρ

119 2272 147 2330 τὸ
164 2262 229 2347 αἷμα
245 2273 324 2329 αὐτοῦ
337 2270 375 2346 μὴ
387 2271 617 2348 παραιτησάμενος
635 2271 701 2352 ὑπὲρ
716 2272 840 2329 ἁπάντων
859 2275 902 2330 ἐκ·

118 2358 189 2437 χίαι,
214 2358 262 2432 καὶ
284 2363 331 2429 τῆς
351 2357 447 2436 σαρκὸς
460 2359 524 2434 ἡμῖν
541 2358 667 2434 μεταδούς
687 2358 732 2417 καὶ
753 2361 833 2417 αύτοῦ
855 2365 901 2417 τοῦ
939 2381 945 2390 ’

51 2471 52 2496 ;
119 2444 226 2521 αἵματος
248 2447 341 2521 παλιν,
356 2444 382 2501 τί
395 2445 590 2522 παραιτήσεται
612 2449 660 2514 τῆς
679 2443 809 2524 ἡμετέρας
823 2449 900 2515 ποιῆ·

51 2601 52 2614 γ
119 2556 164 2591 σαι
183 2533 268 2593 ἕνεκεν
289 2531 434 2609 σωτηρίας;
449 2532 565 2599 Ταύταις
576 2533 660 2593 τοίνυν
675 2536 828 2614 θαρροῦντες
845 2542 902 2600 ταῖς

88 2633 109 2671 ²⁵
121 2620 204 2680 ἔλτίσι
226 2623 425 2701 παρακαλῶμεν
439 2622 514 2679 αὐτὸν
531 2622 671 2692 διηνεκῶς,
688 2622 733 2679 καὶ
748 2624 837 2699 εὐχαῖς
857 2620 901 2678 καί

120 2708 259 2787 ἱκετηρίαις
270 2707 495 2786 προσανέχωμεν,
524 2706 570 2765 καὶ
590 2711 637 2773 τῆς
658 2709 751 2778 λοιπῆς
772 2707 901 2784 ἐπιμελώ-

51 2845 53 2852 .
121 2802 185 2871 pria
207 2795 277 2872 μετὰ
291 2795 426 2874 ἀκριθείας
441 2795 563 2868 ἁπάσης,
585 2793 629 2853 ίνα
643 2796 689 2854 καλ
703 2796 746 2854 τὸν
762 2796 901 2875 ἐπικείμε-

120 2906 163 2941 νον
180 2882 349 2964 διαφύγωμεν
368 2882 484 2942 κίνδυνον
498 2883 543 2943 καί
558 2886 610 2941 τῶν
623 2882 772 2959 μελλόντων
787 2882 901 2951 ἀξιωθῶ-

122 2996 167 3047 μιν
180 2974 294 3050 ἀγαθῶν·
308 2962 345 3030 ὧν
352 2968 452 3049 γίνοιτο
458 2971 557 3039 πάντας
570 2975 641 3048 ἡμᾶς
654 2973 800 3051 ἐπιτυχεῖν,
812 2970 902 3050 χόριτι

90 3061 180 3114 turri.

425 3238 586 3262 *-

382 3391 559 3463 ,Ollinia
587 3387 621 3457 γ’.

126 3566 160 3621 Εἰς
169 3567 211 3624 τὴν
224 3565 359 3626 ἀποδημίαν
371 3570 413 3614 τοῦ
427 3563 557 3613 ἐπισκόπου
576 3563 727 3619 Φλαθιανοῦ,
741 3562 799 3622 uuio
809 3565 849 3617 τῆς
861 3558 904 3608 πό·

152 3640 206 3695 leae<
217 3638 404 3703 πρεσθενομένου
414 3636 471 3697 πρὸς
482 3636 521 3684 τὸν
532 3635 638 3697 βασιλέα·
650 3634 690 3681 καὶ
703 3631 736 3686 τίς
748 3632 834 3688 ἐστινὴ
845 3631 902 3688 ἀλη-

152 3712 190 3768 θὴς
198 3710 309 3769 armeta,
323 3709 363 3756 καὶ
376 3708 412 3755 ὁτι
418 3711 460 3754 τοῦ
470 3709 552 3769 φαγεῖν
560 3704 701 3765 ἀνθρώπινον
714 3707 784 3760 σῶμα
794 3702 821 3750 τθ
830 3718 903 3756 uarr-

152 3786 250 3842 γορῆσαι
262 3784 350 3842 χεῖρον,
362 3777 460 3838 καὶπερὶ
470 3780 518 3823 τῶν
527 3775 565 3822 διὰ
575 3775 617 3831 τὴν
628 3774 710 3821 στάσιν
719 3771 851 3831 σφαγέντων
862 3772 902 3819 καὶ

92 3866 117 3908 ⁸
155 3853 209 3914 πρὸς
221 3852 275 3907 τούς
287 3849 451 3910 ίγκαλοῦντας,
465 3848 500 3896 δτι
513 3846 594 3895 πολλοὶ
605 3848 652 3893 τῶν
661 3840 771 3891 ἀναιτίων
782 3841 899 3890 ἑάλωσαν.

162 4019 245 4081 Ὅταν
255 4023 291 4087 είς
304 4019 349 4079 τδν
365 4019 453 4097 θρόνον
469 4016 554 4076 σἰπίδω
566 4019 656 4073 τοῦτον
670 4011 767 4092 ἔρημον
782 4008 844 4068 όντα
858 4006 903 4066 καί

128 4109 195 4167 κενὸν
216 4114 262 4168 τοῦ
284 4106 461 4180 διδασκάλου,
477 4103 564 4183 χαίρω
582 4126 610 4160 τε
627 4107 692 4177 ὁμοῦ
715 4099 761 4156 καὶ
784 4094 902 4173 δακρύοι·

131 4196 226 4276 δακρύω
238 4196 295 4274 μὲν,
311 4194 352 4252 ότι
365 4191 482 4271 παρόντα
496 4194 545 4268 οὐχ
557 4193 610 4269 θριῦ
620 4185 741 4263 πατίρα·
754 4183 840 4263 χαίρω
858 4182 903 4254 δὲ,

131 4280 167 4338 ότι
177 4282 240 4362 ὑπὲρ
249 4287 295 4353 τῆς
306 4279 433 4357 ὑμετέρας
444 4277 599 4354 ἀπεδήμησε
607 4275 752 4353 σωτηρίας,
763 4272 808 4330 καί
820 4273 901 4346 δῆμον

95 4390 120 4427 ιο
133 4376 243 4428 τοσοῦτον
258 4372 374 4441 ἀπῆλθεν
391 4369 469 4446 ὀργῆς
485 4364 630 4443 ἐξαρπάσαι
646 4363 792 4440 βασιλικῆς.
817 4362 903 4419 Τοῦ-,ο

133 4457 172 4513 καὶ
184 4462 242 4533 ὑμῖν
256 4457 368 4533 κόσμος,
385 4452 497 4531 κάκείνῳ
511 4450 649 4529 στέφανος·
660 4451 720 4523 ύμῖν
737 4447 850 4522 κόσμος,
864 4444 904 4501 ότι

134 4547 236 4602 τοιοῦτον
248 4541 415 4621 ἐκληρώθητε
429 4539 547 4618 πατέρα·
564 4536 688 4615 στέφανος
701 4535 724 4593 δ’
745 4533 851 4611 ἐκείνῳ,
863 4531 903 4589 ότι

136 4630 231 4706 περὶτὰ
245 4630 339 4708 ίγγονα
353 4627 434 4694 οὕτως
452 4625 507 4685 ἐστλ
521 4625 703 4705 φιλόστοργος,
720 4621 764 4680 καὶ
785 4619 815 4677 τδ
830 4618 904 4698 παρδι

134 4721 175 4774 τοῦ
185 4719 298 4797 Χριστοῦ
312 4715 403 4795 λεχθὲν
417 4713 451 4773 δι’
465 4716 550 4772 αὐτῶν
563 4709 705 4769 tiresiam
718 4712 769 4766 τῶν
780 4703 904 4785 πραγμά-

97 4818 124 4857 ls
136 4823 192 4861 των.
232 4803 357 4869 Ἀκούσας
371 4801 422 4879 γὰρ
433 4799 471 4858 ὅτι
484 4826 497 4853 ι
512 4797 634 4873 δποιμὴν
646 4800 659 4855 θ
671 4795 749 4862 καλὸς
759 4794 806 4866 τὴν
817 4792 903 4874 ψυχὴν

138 4889 207 4948 αύτοῦ
216 4890 315 4961 τίθησιν
323 4887 390 4967 θπίρ
403 4889 454 4944 τῶν
466 4883 617 4966 προόότων,
628 4910 641 4934 ν
652 4885 752 4953 ἀπῆλθε
760 4882 806 4951 τὴν
816 4881 903 4960 ψυχὴν

139 4980 207 5036 suasu
228 4977 314 5048 θήσων
329 4976 396 5055 ὑπὲρ
410 4976 485 5050 ἡμῶν
500 4972 633 5043 ἁπάντων,
656 4969 742 5027 καίτοι
766 4968 852 5026 πολλά
872 4959 904 5035 ἧν

141 5064 207 5122 αιίτδν
220 5065 253 5123 τά
266 5064 398 5124 κωλύοντα
413 5064 534 5122 ἀπελθεῖν
550 5059 594 5117 καί
611 5053 841 5132 καταναγκάζοντα
860 5054 906 5129 με’,

141 5170 194 5207 reu·
215 5154 258 5211 καὶ
281 5156 383 5231 πρῶτον
409 5155 427 5221 ἡ
454 5148 544 5219 ἡλικία
570 5147 633 5226 πρός
655 5143 765 5223 ἔσχατον
788 5141 905 5202 ἔλοίσατα

772 401 939 462 Hominis
960 403 1114 466 TERTIA.

1667 421 1723 473 365

943 524 1005 576 aulis
1016 527 1075 588 justi
1084 528 1206 589 spelunca.
1256 531 1384 592 Propterea
1399 536 1423 579 et
1434 527 1459 579 in
1476 530 1564 581 caelum
1579 531 1725 595 ascendens,

942 629 1001 678 nilrll
1018 631 1082 680 aliud
1097 645 1169 694 quam
1184 633 1287 682 ruelolen
1308 633 1426 696 discipulo
1438 635 1542 697 reliquit.
1585 637 1648 685 curu
1667 637 1727 698 irae,

942 732 1033 794 iuquit,
1049 748 1104 783 cum
1116 736 1211 784 diabolo
1227 736 1343 797 pugnavi,
1363 740 1387 786 el
1401 744 1425 785 tu
1439 740 1521 788 coulra
1539 738 1607 789 illum
1621 740 1667 788 trac
1682 753 1725 789 ar·

943 842 1039 887 matura
1049 841 1118 900 capla
1134 839 1238 902 insurge.
1275 840 1389 889 Validam
1406 842 1470 890 euim
1483 843 1557 892 telum
1576 845 1670 905 iuopia,
1688 844 1726 893 iu·

942 942 1100 1004 expugnabile
1115 942 1286 1001 babitaculum,
1301 946 1326 994 et
1338 945 1410 993 turris
1419 945 1568 995 inconcussa.
1590 949 1724 1009 Tamquam

943 1047 1072 1095 maximam
1086 1047 1243 1098 hereditatem
1262 1050 1361 1099 Eliaaeus
1373 1051 1477 1100 meloten
1491 1053 1597 1113 suscepit
1614 1053 1723 1102 :etenim

944 1165 999 1200 rere
1013 1153 1118 1200 maxima
1132 1152 1178 1202 iuil
1189 1153 1322 1213 hereditas,
1333 1155 1397 1203 omni
1407 1168 1466 1204 auro
1478 1156 1609 1216 pretiosior.
1629 1159 1658 1205 ut
1673 1161 1725 1207 aral

943 1257 1043 1318 posthac
1051 1257 1138 1320 duplex
1149 1259 1228 1308 Helias
1238 1260 1285 1319 ille,
1295 1261 1328 1308 ita
1338 1263 1365 1308 ut
1374 1273 1469 1309 sursum
1481 1256 1570 1321 Helias,
1582 1265 1605 1310 el
1614 1262 1726 1311 deorsum

944 1361 1101 1411 lieliasesset.
1133 1363 1194 1412 Nori
1205 1376 1249 1412 ros
1265 1364 1357 1424 justum
1372 1362 1438 1413 illum
1452 1364 1549 1413 beatum
1563 1367 1657 1426 putare,
1674 1366 1726 1411 siu·

943 1468 1060 1529 gulosque
1074 1481 1161 1529 cupere
1174 1481 1230 1518 eum
1251 1468 1330 1531 ipsuua
1351 1482 1411 1518 esse.
1445 1468 1508 1527 Quid
1524 1468 1603 1529 igilur,
1621 1468 1641 1517 si
1657 1469 1727 1517 robis

943 1570 1138 1620 demonstravero
1150 1571 1214 1633 quod
1231 1571 1295 1619 aliud
1312 1571 1353 1619 illo
1373 1571 1449 1619 multo
1462 1570 1541 1631 majus
1555 1583 1640 1619 omnes
1654 1572 1728 1619 sacris

945 1674 1063 1735 mysteriis
1074 1674 1161 1724 imbuti
1178 1674 1354 1736 receperimus?
1376 1674 1456 1722 Helias
1478 1686 1564 1734 nempe
1576 1673 1678 1722 meloten
1694 1674 1728 1720 di-

943 1776 1036 1837 scipulo
1050 1776 1161 1839 reliquit;
1173 1777 1246 1825 Filius
1262 1780 1341 1825 autem
1358 1778 1399 1827 Dei
1409 1776 1555 1839 ascendens,
1578 1789 1646 1825 suam
1660 1776 1728 1825 uobis

944 1899 1041 1935 carnem
1057 1886 1168 1949 reliquit;
1180 1886 1223 1936 sed
1235 1887 1312 1936 Helias
1321 1887 1418 1948 quidem
1435 1890 1539 1947 exulus,
1554 1887 1666 1936 christus
1682 1899 1727 1935 au·

946 2001 993 2043 lem
1003 1999 1028 2044 et
1039 1995 1106 2044 uobis
1117 1996 1212 2057 reliquii
1222 1999 1246 2046 el
1259 1997 1336 2058 ipsam
1354 1997 1445 2045 babens
1460 1996 1576 2047 ascendit.
1610 1999 1646 2047 tle
1655 1997 1728 2058 igitur

945 2101 1026 2149 auimo
1037 2101 1203 2161 concidamus,
1214 2102 1478 2163 sequelameulemur,
1496 2114 1575 2163 neque
1588 2102 1728 2163 temporum

945 2207 1112 2259 difficultatem
1124 2211 1263 2259 timeamus.
1309 2210 1355 2264 Qui
1367 2209 1431 2258 cuim
1447 2209 1588 2270 sauguinem
1600 2223 1671 2259 suum
1685 2223 1729 2271 pro

946 2312 1058 2363 carnibus
1067 2314 1191 2364 aliundere
1201 2327 1250 2362 non
1263 2313 1393 2372 recusarit,
1407 2316 1431 2360 et
1441 2326 1541 2361 carnem
1553 2325 1622 2362 suam
1640 2317 1665 2362 et
1676 2327 1729 2363 rur·

945 2430 988 2467 sus
1003 2417 1084 2480 ipsum
1100 2418 1239 2479 sanguinem
1257 2417 1327 2467 nobis
1340 2418 1546 2477 conmunicent,
1559 2416 1617 2480 quid
1633 2430 1676 2478 pro
1690 2430 1728 2466 sa-

946 2521 997 2571 lute
1006 2524 1088 2571 nostra
1097 2521 1175 2572 lacere
1191 2522 1329 2572 recusabit?
1341 2523 1391 2571 liae
1401 2521 1471 2581 igitur
1483 2533 1525 2580 ape
1536 2520 1636 2570 ideuiea
1647 2520 1728 2582 ipsum

946 2628 1058 2676 continue
1069 2626 1218 2686 invocemus,
1225 2628 1250 2675 et
1262 2625 1371 2687 precibus
1384 2625 1646 2688 supplicationibusque
1659 2637 1728 2673 race-

949 2748 1018 2795 mus,
1037 2740 1061 2784 et
1076 2734 1175 2795 reliquae
1188 2734 1285 2784 virtutis
1300 2733 1435 2782 cumomni
1451 2731 1573 2794 diligentia
1585 2746 1668 2781 curam
1685 2733 1726 2781 ba·

946 2844 1058 2903 beanrrrs,
1069 2843 1096 2890 ut
1106 2844 1131 2890 et
1146 2841 1236 2890 instans
1248 2841 1365 2902 fugiamus
1377 2840 1518 2902 periculum,
1529 2844 1554 2890 et
1566 2840 1652 2889 tuturis
1662 2840 1727 2904 digni

947 2952 1081 3002 habeamur
1093 2951 1161 3001 bouis
1171 2970 1178 3001 z
1189 2964 1245 3012 quar
1263 2950 1332 3000 uobis
1349 2949 1461 3000 omuibus
1478 2950 1573 3012 assequi
1586 2951 1725 3011 colungo,

946 3058 1022 3121 gratia
1033 3059 1082 3106 etc.

1248 3232 1410 3256 -OOO-

1188 3381 1385 3441 HOMILIA
1412 3381 1479 3441 111.

948 3557 974 3601 lu
992 3555 1156 3611 protectionem
1165 3554 1263 3610 episcopi
1277 3552 1394 3605 Flaviani,
1407 3563 1450 3608 pro
1458 3551 1551 3597 cirrata
1566 3551 1727 3608 adimperalo·

973 3624 1165 3679 rem'iegaliouem
1179 3624 1296 3671 obeuutlsr
1306 3623 1329 3666 et
1339 3621 1456 3677 quoduam
1470 3630 1551 3664 verum
1560 3621 1590 3664 ait
1601 3621 1726 3676 jejuniumr

973 3694 1067 3750 etquod
1082 3693 1199 3739 detrahere
1216 3703 1286 3749 quam
1296 3692 1422 3736 humanum
1436 3700 1520 3745 corpus
1533 3689 1652 3734 comedere
1663 3692 1728 3745 peius

973 3764 1002 3808 alt
1011 3780 1018 3816 ς
1027 3766 1050 3808 el
1063 3763 1092 3807 de
1100 3763 1212 3819 iugulatis
1221 3763 1314 3818 propter
1325 3760 1459 3805 seditionem
1469 3776 1476 3811 ς
1485 3761 1507 3803 el
1517 3759 1627 3803 adversus
1639 3769 1678 3803 eos
1687 3760 1727 3815 qui

973 3832 1139 3888 querebantur,
1150 3831 1235 3876 multos
1244 3829 1352 3874 lunorloa
1361 3831 1440 3883 captos
1450 3838 1510 3873 esse.

980 4005 1003 4050 t.
1020 3997 1121 4058 Quando
1131 3996 1161 4047 ad
1173 3996 1255 4046 sedem
1265 3995 1327 4045 banc
1337 3993 1475 4043 derelictam
1485 3990 1614 4041 etdoclore
1625 4002 1728 4040 vacuam

948 4102 1062 4165 respicio,
1085 4099 1178 4163 gaudeo
1201 4099 1273 4148 simul
1294 4100 1320 4148 et
1339 4097 1468 4158 lacrymo:
1486 4094 1593 4155 lacrymo
1612 4092 1726 4154 quidem,

948 4208 1013 4270 qrrod
1030 4212 1172 4269 prusenlem
1193 4216 1240 4253 nou
1259 4203 1329 4251 rideo
1341 4203 1446 4263 patrem;
1458 4198 1549 4261 gaudm
1569 4199 1649 4246 autern
1662 4197 1727 4261 quod

947 4326 991 4376 pro
999 4310 1077 4360 salute
1088 4313 1166 4359 restra
1178 4307 1298 4370 proiectus
1308 4305 1382 4364 abiit,
1396 4306 1488 4352 lauluur
1498 4301 1612 4364 populum
1624 4315 1638 4350 a
1649 4302 1728 4351 lurore

948 4413 1101 4477 Imperatoria
1115 4417 1249 4475 erepturus.
1282 4409 1370 4457 iiooel
1380 4405 1449 4454 robis
1461 4407 1626 4454 oruamentum
1641 4407 1692 4465 ost,
1703 4410 1728 4454 et

947 4519 981 4568 illi
993 4501 1094 4567 aurona:
1105 4516 1272 4564 ornamentum
1284 4510 1361 4571 robis,
1373 4509 1437 4572 quod
1450 4508 1523 4559 talem
1531 4508 1583 4558 silis
1595 4509 1673 4559 sortiri
1687 4522 1726 4571 pa·

948 4629 1025 4684 trcur;
1036 4629 1061 4674 et
1075 4624 1108 4673 illi
1120 4635 1221 4682 corona,
1235 4622 1299 4683 quod
1313 4620 1378 4668 circa
1392 4617 1452 4667 idios
1463 4619 1512 4667 lam
1523 4616 1638 4679 benignus
1648 4617 1693 4676 sit,
1703 4620 1728 4666 ct

949 4743 962 4779 a
978 4718 1074 4779 cbristo
1088 4725 1180 4775 dlclum
1194 4725 1246 4786 ipso
1262 4735 1333 4784 opere
1346 4719 1530 4771 confirmaverit.
1561 4718 1649 4768 Audito
1665 4719 1728 4767 enim

949 4835 989 4884 iilo
1003 4834 1089 4893 (loun.
1106 4836 1142 4881 lo,
1157 4830 1207 4890 ll),
1224 4830 1317 4877 Pualor
1329 4825 1410 4876 benur
1421 4827 1539 4874 culinum
1556 4834 1633 4874 ruam
1653 4822 1728 4884 pouit

947 4936 1109 5001 procureur,
1122 4933 1181 4982 abiit
1194 4945 1236 4994 pro
1251 4929 1320 4980 nobis
1333 4927 1445 4978 omnibus
1458 4926 1562 4976 animam
1578 4936 1644 4973 suam
1666 4922 1728 4983 pori·

949 5046 1034 5102 turris,
1048 5040 1092 5090 elsi
1110 5039 1187 5087 multa
1198 5037 1265 5087 eraut
1279 5048 1334 5099 quae
1349 5034 1427 5098 ipsum
1443 5030 1508 5080 abire
1526 5026 1691 5091 prohiberent,
1704 5025 1729 5072 et

950 5160 1046 5198 manere
1061 5147 1171 5209 cogerent
1184 5162 1190 5192 ε
1204 5143 1281 5206 primo
1293 5144 1352 5192 aetas
1363 5139 1394 5189 ad
1411 5137 1518 5188 ultimam
1532 5131 1643 5195 provecta
1660 5139 1727 5182 scoe-
