3892 5867
128 435 246 534 ινιῳι

331 618 420 671 ttEPt
447 617 659 672 {teneretis

354 800 456 844 ΛΟΓΟΣ
472 800 640 846 ΤΕΤΑΡΓΟΣ.

229 952 298 1013 Τάδε
319 950 418 1011 ἔνεστιν
439 954 466 1010 όν
488 954 526 1031 τῷ
547 952 664 1031 τετάρτῳ
685 952 763 1030 λόγῳ.

128 1114 154 1164 α’,
167 1115 216 1163 Ὀτι
230 1112 255 1160 ού
269 1109 339 1172 μόνον
358 1112 381 1158 ol
399 1108 566 1165 σπουδάζοντες
582 1110 619 1158 ἐπὶ
634 1109 717 1171 κλῆρον
732 1111 817 1169 ἐλθεῖν,
831 1111 890 1160 ἀλλά

109 1197 119 1233 s
190 1185 256 1232 καὶοί
267 1182 370 1243 ἀνάγκην
379 1182 547 1243 ὑπομένοντες,
557 1181 581 1230 ἐν
591 1182 663 1237 οῑςάν
673 1180 794 1245 ἁμάρτωσι
803 1183 891 1245 σφόδρα

190 1252 327 1308 κολάζονται.
412 1296 414 1301 .

128 1329 152 1390 β,
165 1327 213 1374 ὀτι
227 1324 248 1370 σί
270 1325 454 1385 χειροτονοῦντες
465 1320 572 1377 ἀναξίους
591 1325 632 1379 τῆς
649 1319 720 1378 αὐτῆς
737 1322 815 1377 αὐτοῖς
833 1322 891 1371 είσιν

189 1394 303 1444 ίπαίθννοι
316 1392 444 1456 τιμωρίας,
458 1393 504 1440 κάν
522 1391 625 1454 ἀγνοῶσι
638 1392 693 1450 τοὺς
713 1394 888 1456 χιιροτονουμί·

191 1482 246 1520 ισυς.

101 1552 119 1592 tt
128 1550 151 1600 γ,
165 1538 213 1586 ὀτι
222 1534 304 1590 πολλῆς
312 1537 354 1590 τῆς
366 1530 390 1579 tv
399 1534 434 1593 τῷ
445 1531 519 1592 λέγειν
531 1529 648 1592 δυνάμεως
657 1531 727 1595 χρεία
735 1536 769 1593 τῷ
779 1534 844 1594 tepet.

129 1608 151 1654 θ’.
163 1606 210 1654 Ὅτι
220 1604 271 1663 κμός
282 1602 322 1657 τὰς
332 1600 445 1649 ἀπάντων
456 1600 533 1662 μάχας
543 1603 583 1649 καὶ
595 1603 714 1661 Ἑλλήνων
723 1604 764 1650 καί
774 1600 892 1650 Ἰουδαίων

190 1674 225 1721 καὶ
238 1676 356 1736 αίρετικῶν
367 1671 559 1733 παρεσκευάσθαι
567 1673 622 1735 χρή.

130 1750 151 1796 ε’.
166 1745 213 1794 Ὅτι
224 1745 309 1807 σφόδρα
318 1742 431 1802 ἔμπειρον
438 1741 496 1790 εἶναι
506 1742 541 1790 δεῖ
548 1748 589 1800 τῆς
604 1745 758 1800 διαλεκτικῆς.

129 1821 153 1870 ς’.
169 1818 216 1864 Ὀτι
225 1819 258 1877 τῷ
265 1813 374 1877 μακαρίῳ
386 1813 475 1874 Παύλῳ
487 1812 588 1873 μάλιστα
601 1819 671 1862 τοῦτο
681 1814 830 1875 κατώρθωτο.

104 1904 120 1942 ιι
130 1889 150 1943 t.
168 1887 215 1936 Ὀτι
225 1886 264 1934 ούκ
274 1886 320 1934 ἀπό
334 1890 383 1932 τῶν
392 1883 500 1946 σημείων
512 1884 581 1946 μόνον
592 1884 698 1948 λαμπρὸς
710 1884 813 1945 ἐγένετο,
833 1883 892 1932 ἀλλὰ

191 1957 226 2003 καὶ
235 1956 279 2004 ἀπὸ
288 1960 330 2003 τοῦ
339 1955 427 2015 λέγειν.

130 2035 154 2081 η’.
166 2027 212 2075 Ὀτι
224 2027 261 2074 καὶ
268 2030 329 2087 ἡμᾶς
340 2030 415 2074 τοῦτο
430 2024 538 2086 βούλεται
547 2025 683 2088 κατορθοῦν.

130 2096 152 2145 t.
167 2097 213 2145 Ὀτι
225 2094 304 2143 τούτου
316 2097 348 2157 μή
360 2094 477 2158 παρόντος
496 2098 531 2154 τῷ
545 2096 615 2156 ίερεῖ,
627 2095 714 2153 πολλήν
729 2093 821 2157 ἀνάγκη
840 2094 894 2151 τοὺς

193 2166 325 2229 ἀρχομένους
334 2166 423 2227 ζημίαν
432 2164 584 2225 ὑφίστασθαι.

105 2322 125 2361 το
164 2304 245 2362 Ταῦτα
260 2307 273 2363 θ
286 2303 498 2365 ΒΑΣΙΛΕΙΟΣ
514 2299 644 2373 ἀκούσας,
661 2300 707 2359 καί
720 2301 810 2381 μικρὸν
835 2303 895 2360 trra-

133 2387 204 2467 σγόιν,
216 2390 280 2450 ’ἀλλ’
293 2393 316 2449 εί
340 2390 389 2466 μὲν
405 2388 483 2455 αὐτὸς
496 2387 674 2461 ίσπούδασας,
694 2390 774 2470 μησί,
798 2389 896 2461 ταύτην

134 2475 257 2547 κτήσασθαι
270 2477 316 2549 τήν
335 2475 442 2557 ἀρχὴν,
456 2466 525 2555 εἶχεν
538 2475 569 2533 άν
590 2497 630 2534 σοι
643 2476 720 2554 λόγον
734 2468 807 2543 οίτος
821 2481 835 2536 ό
850 2479 896 2558 μό·

135 2564 176 2629 ὅθί
210 2566 260 2627 Τόν
271 2566 321 2644 γάρ
331 2563 538 2641 ὁμολογήσαντα
546 2563 691 2633 ἐπιτήδειον
702 2554 767 2621 εἶναι
776 2565 838 2643 πρὸς
850 2564 897 2635 τήν

134 2657 169 2710 τῶ
185 2653 335 2733 πράγματος,
351 2652 483 2723 διοίκησιν
505 2654 543 2730 τῷ
562 2651 710 2710 σπουδάσαι
731 2651 836 2724 letata,
851 2655 899 2712 ούκ

108 2757 126 2794 ιι
136 2738 180 2797 ἔστι
198 2740 259 2816 μετά
271 2741 300 2799 τό
313 2744 487 2809 πιστευθῆναι
501 2740 529 2796 ἐν
542 2728 582 2803 οίς
604 2737 636 2796 ἂν
649 2737 798 2818 σφάλληται
816 2762 900 2798 κατα-

137 2827 220 2905 ριύγειν
230 2829 262 2893 είς
273 2827 409 2906 ἀπειρίαν·
422 2824 564 2903 spoletio
579 2824 630 2905 γὰρ
640 2826 717 2893 αὐτὸς
729 2827 820 2884 ἑαυτὸν
831 2827 899 2885 ταύ·

138 2936 174 2983 την
185 2916 294 2994 ἀρείλετο
307 2914 353 2985 τήν
368 2912 534 2990 ἀπολογίαν,
547 2915 585 2992 τῷ
597 2915 776 2993 προσδραμεῖν
791 2914 836 2973 καί
852 2915 900 2995 ἀρ-

138 3000 206 3057 πάσαι
222 3001 266 3072 τήν
288 3001 436 3074 διακονίαν,
453 2999 498 3057 καὶ
520 3001 566 3059 οὐκ
582 2999 621 3058 ἔτι
643 2999 673 3058 ἂν
689 3001 794 3060 δύναιτο
813 3002 899 3079 λέγειν

139 3088 149 3142 ό
164 3087 218 3144 ίαδιν
231 3089 273 3146 καί
287 3085 420 3158 ἐθελοντής
441 3086 485 3144 ἐπὶ
499 3091 575 3145 τοῦτο
594 3085 675 3145 ἐλθὼν
685 3132 694 3164 ,
706 3086 745 3146 ότι
760 3090 830 3147 ἄκων
842 3092 900 3148 τόδε

113 3172 252 3252 διήμαρτον,
280 3177 326 3235 καὶ
341 3176 414 3234 ἄκων
433 3173 463 3231 τὸ
481 3174 552 3232 δεῖνα
578 3174 716 3254 διέφθειρα.
759 3177 833 3256 Ἔρεῖ
849 3177 900 3257 γὰρ

140 3260 190 3337 πρός
203 3262 272 3320 αὐτόν
287 3267 301 3322 θ
314 3264 414 3337 ταύτην
439 3264 510 3342 αὐτῷ
531 3262 589 3321 τότε
614 3263 725 3332 δικάζων
741 3265 788 3336 τήν
811 3266 899 3338 δίκην·

144 3348 185 3406 Καὶ
203 3350 225 3407 τί
241 3351 334 3421 δήποτε
352 3351 484 3421 τοσαύτην
510 3353 596 3431 ἑαυτῷ
618 3349 739 3419 συνειδὼς
763 3355 899 3433 ἀπειρίαν,

143 3434 178 3492 καὶ
186 3438 227 3495 οὐκ
235 3437 298 3517 ἔχων
312 3439 429 3497 διάνοιαν
442 3436 535 3508 ίκανήν
545 3438 609 3516 πρὸς
621 3437 651 3495 τδ
660 3438 844 3519 μεταχειρίσαι
854 3439 900 3509 τήν

142 3520 217 3599 τίγνην
229 3526 320 3598 ταύτην
334 3524 541 3605 ἀναμαρτήτως,
553 3524 683 3590 ἔσπευσας
697 3526 743 3583 καί
754 3526 902 3602 ίτόλμησας

116 3626 134 3666 ο
145 3610 230 3681 μείζονα
242 3617 286 3684 τῆς
298 3614 396 3681 οἰκείας
408 3613 544 3688 δυνάμεως
555 3612 730 3680 ἀναδέξασθαι
741 3613 902 3692 πράγματα,

144 3696 195 3763 att
209 3701 421 3779 καταναγκάσας;
436 3701 473 3768 τίς
487 3704 501 3759 ό
515 3699 579 3781 πρὸς
594 3700 653 3779 βίαν
669 3699 781 3768 ἑλκύσας
796 3704 900 3774 simonq-

145 3785 213 3845 ἰιῗιντα
232 3790 275 3848 καὶ
299 3789 444 3871 φεύγοντας
470 3789 540 3849 Ἀλλ’
565 3791 595 3847 οὐ
619 3787 695 3865 σύγε
715 3790 813 3848 τούτοιν
830 3790 901 3849 οὐδὲν

146 3873 227 3955 α’κούση
239 3877 312 3936 ποτά·
323 3877 382 3937 οὔτε
395 3876 447 3957 γάρ
462 3877 538 3943 αὐτὸς
550 3875 582 3934 ἀν
596 3875 665 3955 ἔχοις
674 3877 788 3935 τοιοῦτόν
803 3902 828 3935 τι
842 3902 903 3936 oru-
948 3932 953 3941 ,

146 3965 180 4017 τοῦ
195 3968 366 4043 καταγνῶναι,
382 3966 429 4024 καί
448 3964 528 4023 πᾶσίν
543 3966 599 4022 ἔστι
616 3963 765 4040 καταφανὲς
785 3962 825 4021 ότι
844 3962 903 4022 οὔτε

118 4066 137 4103 to
147 4046 199 4124 μίγα
211 4050 264 4109 οὔτε
280 4052 370 4131 μικρὸν
383 4052 449 4132 ὑπὲρ
460 4051 557 4123 ταύτης
571 4048 738 4115 ίαπούδασας
749 4054 796 4119 τῆς
810 4055 903 4126 τιμῆς,

135 4135 195 4197 ,ἄλλ’
204 4139 289 4218 ίτίρων
298 4145 388 4218 γίγονε
396 4141 427 4200 τὸ
439 4140 608 4219 κατόρθωμα.
653 4138 707 4196 Καὶ
716 4137 904 4219 όπιρίκείνους

148 4220 168 4275 ἐν
187 4231 232 4291 τοῖς
244 4226 430 4307 ἀμαρτήμασιν
450 4228 499 4285 ούκ
513 4225 620 4306 άρίησιν
642 4224 711 4304 ἔχειν
731 4227 904 4303 συγγνώμην,

148 4312 207 4368 τοῦτό
217 4335 253 4370 σοι
264 4316 361 4387 πολλὴν
371 4314 556 4395 παρέγειπρδς
565 4314 707 4390 ἀπολογίαν
716 4314 763 4385 τήν
775 4316 903 4377 ὑπόθεσιν.

180 4399 238 4476 Πρός
248 4407 328 4462 ταῦτα
343 4402 394 4481 ἐγὼ
404 4401 513 4473 κινήσας
527 4402 573 4472 τὴν
586 4400 718 4479 κεφαλήν,
736 4402 780 4460 καί
804 4402 905 4478 μειδιά-

122 4486 273 4565 ίθΰὶιήμίμα
289 4489 433 4567 ἐθαύμαζόν
456 4511 485 4546 τε
508 4487 586 4546 αὐτὸν
609 4493 656 4559 τῆς
679 4487 839 4560 ἁπλότητος,
859 4487 905 4546 καί

149 4568 199 4645 πρὸς
210 4572 280 4631 αὐτόν
290 4574 392 4654 ίλιγον·
406 4576 535 4654 (ΧΡΥΣ.
545 4574 553 4646 ί
596 4571 763 4648 Ἐόουλόμην
775 4574 820 4632 καί
830 4575 907 4642 αὐτὸς

150 4661 207 4713 ταῦθ’
219 4659 293 4728 οθτως
307 4662 435 4741 &geremias
446 4661 523 4742 ίῳης,
536 4651 558 4720 ὦ
569 4661 674 4719 πάντων
690 4660 845 4737 άγαθώτατι
858 4661 905 4735 σὺ,

151 4743 232 4821 θίγίνα
242 4748 358 4818 δέξασθαι
371 4752 473 4821 δυνηθῶ
483 4754 576 4827 τοῦτο,
589 4749 655 4829 όπερ
667 4749 760 4830 ἔρυγον
773 4754 828 4810 νῦν.
872 4752 906 4810 Et

151 4827 191 4907 γάρ
199 4833 239 4892 καί
252 4836 364 4914 μηδεμία
383 4861 428 4915 μοι
443 4836 583 4919 προύκειτο
602 4838 709 4903 κόλασις
722 4839 758 4905 ὡς
773 4835 849 4916 ἔτυχε
862 4837 907 4896 καί

125 4930 144 4968 ν)
152 4917 244 4995 ἀπείροις
254 4924 446 5007 ἐπιμελουμένῳ
457 4931 504 4997 τῆς
515 4926 629 5003 ποίμνης
638 4929 683 4983 τοῦ
698 4928 830 5002 Χριστοῦ,
845 4926 905 4982 ἀλλ’

155 5002 199 5078 ittet
210 5010 290 5081 πάσης
303 5013 428 5092 τιμωρίας
441 5012 627 5094 χαλεπώτερον
640 5006 672 5085 ήν
684 5013 747 5072 αὐτὸ
761 5011 790 5070 τδ
802 5035 907 5071 πιστευ·

155 5090 214 5150 θέντα
226 5098 363 5176 πράγματα
384 5101 452 5160 οὕτω
467 5102 571 5180 μεγάλα
591 5101 651 5182 περὶ
666 5100 709 5160 τὸν
730 5100 908 5159 πιστεύσαντα

156 5175 210 5239 ίίῐθ
227 5190 330 5263 μανῆναι
346 5190 435 5253 κακόν.
477 5190 554 5257 Τίνος
569 5182 612 5250 οὖν
626 5188 711 5248 ἕνεκεν
726 5189 849 5268 ηὐχόμην
862 5187 908 5260 τήν

662 435 712 494 DE
733 433 988 497 stcettDOTtO.
1014 437 1085 496 titt.
1110 436 1162 497 tv.

1170 612 1220 666 DE
1240 613 1471 669 SACERDOTIO

1195 806 1284 848 steen
1303 807 1452 859 Quantus.

1123 977 1192 1025 Haec
1213 976 1305 1026 insunt
1325 973 1394 1027 libro
1415 986 1523 1045 quarto.

935 1127 952 1169 Ι.
1010 1126 1059 1168 non
1069 1136 1108 1169 eos
1118 1128 1205 1169 tantum
1212 1158 1218 1178 ,
1226 1126 1264 1181 equi
1274 1126 1301 1169 ad
1310 1126 1395 1173 clerum
1404 1128 1522 1183 pervenire
1532 1126 1631 1180 student,
1641 1140 1720 1173 verrini

1040 1196 1108 1239 etiam
1119 1198 1157 1252 qut
1167 1197 1213 1240 vltra
1222 1198 1350 1254 patiuntur,
1360 1198 1390 1240 ob
1402 1203 1493 1252 peccata
1501 1200 1600 1253 graviter
1609 1201 1692 1256 puniri.

936 1335 964 1376 ll.
1006 1332 1051 1384 Qui
1061 1330 1294 1388 indignorordlnant,
1305 1333 1363 1379 idem
1377 1333 1438 1391 quod
1450 1335 1475 1380 lal
1491 1336 1626 1393 supplicium
1640 1349 1720 1393 equor·

1043 1405 1107 1447 turos
1116 1413 1175 1455 esse,
1187 1402 1240 1447 licet
1251 1402 1312 1457 ipsos
1320 1413 1368 1449 uon
1377 1405 1462 1449 norint.

937 1545 975 1586 ltt.
1008 1541 1124 1587 sacerdoti
1132 1543 1280 1587 necessariam
1289 1552 1336 1587 eme
1345 1543 1470 1600 expeditam
1479 1544 1570 1590 dicendi
1585 1543 1722 1591 facultatem.

936 1617 973 1657 ιν.
1002 1613 1033 1660 ad
1051 1614 1183 1670 quorumvis
1201 1616 1393 1668 concertationes,
1404 1620 1427 1659 et
1436 1619 1581 1670 Graecorum,
1592 1621 1615 1660 et
1632 1617 1724 1662 tuden-

1029 1695 1093 1736 rum,
1104 1688 1127 1728 et
1136 1683 1303 1737 laaeretlcorum,
1312 1696 1365 1728 eum
1374 1689 1476 1741 paratum
1484 1696 1531 1729 esse
1544 1691 1656 1743 oportere.

939 1756 964 1797 tt.
1014 1755 1127 1808 Perquam
1137 1752 1235 1807 peritum
1245 1752 1369 1797 dialectice
1379 1764 1425 1797 csse
1434 1758 1553 1810 oportere.

938 1825 974 1866 vt.
1016 1824 1040 1865 ll.
1054 1821 1149 1865 Paulum
1158 1821 1181 1864 ld
1190 1821 1275 1876 optime
1283 1822 1419 1876 praestitisse.

938 1895 986 1936 l'll.
1018 1890 1128 1936 llumdern
1137 1901 1185 1935 non
1195 1891 1265 1946 algon
1274 1893 1363 1935 tantum
1373 1891 1490 1941 claruisse,
1501 1890 1539 1936 sed
1553 1892 1620 1937 ettam
1634 1896 1682 1936 arte
1691 1892 1726 1935 dt·

938 2032 996 2074 l'lll.
1018 1959 1128 2073 Εσοόιίλόίίι
1140 2028 1162 2072 ld
1172 2039 1185 2073 a
1194 2028 1260 2072 nobis
1268 2040 1357 2085 quoque
1366 2028 1423 2072 velle
1432 2030 1539 2073 exerceri.

938 2102 978 2144 Di.
1018 2101 1069 2151 Quo
1086 2098 1128 2141 nisl
1147 2097 1291 2153 praeditusslt
1306 2099 1438 2155 episeopus,
1448 2097 1549 2141 subditos
1563 2109 1610 2141 non
1621 2098 1669 2141 leue
1687 2097 1726 2141 etu-

1046 2179 1126 2213 mnum
1137 2167 1264 2212 necessario
1277 2165 1359 2211 subire.

974 2327 993 2369 t.
1006 2317 1046 2382 [l]
1063 2318 1106 2368 llis
1116 2316 1217 2375 auditis,
1233 2317 1372 2366 BlSlLtUs
1384 2316 1482 2378 pauitant
1497 2318 1643 2366 cunctatusz
1663 2318 1692 2365 lt
1708 2317 1727 2364 si

940 2424 967 2471 tu
979 2419 1094 2482 quidem,
1107 2417 1199 2479 iuquit,
1212 2416 1275 2466 hanc
1286 2416 1424 2477 dignitatem
1439 2417 1589 2477 attentasses,
1600 2417 1665 2464 laune
1674 2417 1729 2477 Jure

941 2521 1053 2570 timorem
1064 2519 1190 2568 admittere
1199 2532 1287 2582 posses.
1321 2521 1382 2568 llam
1399 2518 1440 2580 qui
1452 2518 1482 2565 ael
1496 2519 1530 2568 rei
1540 2518 1675 2580 cuiuspiam
1685 2518 1728 2566 ad·

943 2621 1141 2672 ministrationem
1158 2634 1183 2671 se
1193 2620 1305 2669 idotteum
1315 2633 1366 2669 esse
1378 2621 1497 2683 protessus
1506 2623 1542 2670 est
1554 2634 1583 2669 eo
1597 2620 1661 2682 quod
1676 2634 1729 2669 caan

942 2724 1047 2785 arripere
1060 2721 1194 2782 studuerit,
1206 2720 1247 2769 itta
1261 2720 1305 2769 stoi
1319 2720 1457 2770 concredita
1468 2722 1487 2769 si
1501 2720 1610 2780 labatur,
1624 2734 1672 2768 non
1690 2734 1730 2782 po·

943 2824 1028 2876 tested
1041 2823 1164 2885 imperitiae
1173 2822 1352 2870 excusationem
1363 2821 1505 2883 contugere;
1518 2822 1651 2884 utpotequi
1662 2824 1729 2869 attte-

943 2933 1040 2977 rertens
1055 2925 1116 2973 itane
1128 2923 1173 2971 silai
1188 2922 1237 2985 ipse
1248 2921 1411 2971 detonsionem
1424 2922 1555 2983 ademerit,
1568 2921 1634 2984 quod
1645 2934 1729 2969 aecur-

944 3021 1418 3086 rerit,comquesiliiadministrationem
1433 3020 1554 3083 rapuerit:
1566 3021 1732 3082 nequedicere

944 3129 1023 3190 potest
1035 3126 1067 3182 ts,
1081 3124 1123 3186 qni
1133 3123 1218 3173 lubens
1227 3126 1251 3172 et
1265 3125 1349 3185 sponte
1360 3124 1409 3171 leue
1420 3122 1532 3181 accessit,
1543 3121 1635 3170 tuitus
1649 3121 1694 3169 ttae
1708 3121 1732 3168 in

945 3239 970 3275 re
992 3223 1288 3288 qnceaat,tmttusittan1
1309 3236 1359 3271 rem
1377 3221 1538 3285 pessumdedi.
1570 3222 1732 3285 Respondebit

945 3326 979 3376 illi
989 3362 995 3387 ,
1006 3325 1110 3388 quitum
1123 3326 1168 3374 irae
1177 3325 1202 3373 in
1213 3338 1238 3374 re
1249 3323 1324 3385 judex
1338 3323 1435 3371 tattnrus
1447 3325 1498 3371 est:
1512 3326 1541 3372 El
1552 3335 1595 3370 eur
1605 3310 1678 3371 tantae
1688 3323 1731 3371 tilii

945 3427 1056 3475 conscius
1070 3424 1211 3487 imperitiae,
1222 3437 1278 3472 eum
1291 3435 1359 3471 meus
1374 3421 1404 3470 ael
1416 3420 1487 3470 talem
1500 3421 1620 3484 incaalpate
1630 3424 1732 3470 leaetnn·

946 3528 1001 3576 dam
1016 3528 1091 3575 artem
1104 3526 1147 3575 tibi
1161 3538 1210 3574 uon
1221 3522 1590 3583 adesset,inaolasti,ausasqne
1599 3537 1624 3571 es
1633 3523 1733 3583 niarium,

946 3640 1019 3690 qnam
1035 3626 1097 3675 vires
1106 3625 1209 3685 terrent,
1222 3625 1317 3686 negotia
1327 3623 1464 3685 suscipere?
1478 3623 1536 3680 Quis
1545 3626 1569 3671 te
1581 3624 1670 3683 coegit,
1680 3623 1734 3684 qaus

947 3730 1105 3779 reluctantem
1118 3730 1142 3776 et
1152 3727 1281 3789 fugientem
1292 3726 1315 3774 ri
1328 3725 1463 3787 pertraxit?
1475 3728 1507 3774 alt
1517 3726 1542 3773 lu
1554 3724 1612 3774 nillil
1626 3738 1733 3786 unquam

946 3830 1023 3879 simite
1036 3829 1131 3888 audies,
1150 3841 1229 3890 neque
1247 3828 1322 3890 possis
1336 3839 1443 3888 unquam
1458 3824 1595 3886 hujusmodl
1612 3824 1692 3874 delicti
1711 3829 1734 3871 te

946 3943 1026 3992 ipsum
1046 3929 1177 3987 damnare,
1190 3927 1351 3988 omnibusque
1366 3926 1464 3988 planum
1479 3928 1515 3975 est
1530 3928 1555 3974 te
1571 3938 1601 3973 ne
1613 3925 1734 3973 tantillum

948 4024 1046 4087 quidem
1066 4023 1096 4072 ad
1111 4023 1175 4071 laune
1187 4021 1364 4083 susscipieodum
1378 4020 1492 4068 honorem
1506 4018 1637 4078 laborasse,
1656 4018 1697 4065 sed
1711 4018 1733 4064 ἰιΙ

948 4117 1053 4167 aliorum
1065 4129 1138 4178 opera
1148 4117 1237 4164 tactum
1252 4126 1311 4164 esse.
1336 4115 1416 4174 Atque
1427 4110 1487 4158 adeo
1493 4109 1516 4157 id
1527 4111 1604 4172 ipsum
1613 4111 1677 4172 qnod
1690 4111 1735 4159 illis

949 4214 1041 4262 uullatn
1053 4214 1206 4274 pectatorum
1218 4210 1313 4258 veniam
1323 4206 1445 4269 relinquit,
1458 4205 1504 4254 troc
1516 4205 1560 4254 tibi
1571 4219 1680 4268 magnum
1693 4208 1735 4256 de·

950 4307 1062 4357 tensionis
1073 4305 1197 4355 materiam
1211 4303 1380 4367 suppeditabit.

981 4400 1016 4450 nd
1043 4400 1096 4448 lamo
1110 4413 1153 4459 ego
1170 4400 1243 4460 eaput
1256 4411 1313 4448 cum
1332 4400 1474 4453 ntouissem,
1486 4398 1623 4459 sensimque
1643 4397 1737 4446 arrisis-

949 4512 1014 4557 sem,
1024 4497 1128 4547 hominis
1142 4495 1320 4558 simplicitatem
1336 4497 1449 4555 miratus,
1461 4496 1514 4545 llaec
1524 4495 1640 4558 loquutus
1654 4510 1709 4548 turn
1730 4517 1736 4548 ι

952 4598 1097 4661 (clllllts.)
1114 4595 1231 4658 Equidem
1242 4594 1345 4657 optarim
1356 4595 1450 4654 remita
1463 4608 1489 4644 se
1508 4596 1596 4645 trabere
1606 4633 1612 4656 ,
1624 4599 1651 4646 ut
1664 4596 1738 4656 dicis,

952 4696 989 4744 tir
1004 4697 1113 4745 omnium
1132 4696 1237 4757 optime,
1255 4708 1305 4744 non
1319 4698 1347 4743 ut
1362 4694 1385 4743 id
1406 4695 1529 4758 suscipere
1550 4709 1658 4758 possem,
1673 4695 1739 4757 quud

952 4811 1019 4847 nunc
1031 4796 1114 4858 retttgt.
1146 4795 1246 4846 Etiamsi
1264 4796 1329 4844 enim
1349 4796 1407 4845 naihi
1420 4796 1515 4846 nttllum
1525 4797 1670 4858 supplicium
1684 4809 1739 4855 pro·

954 4891 1059 4952 positum
1071 4893 1147 4951 esset,
1160 4892 1179 4941 si
1200 4891 1361 4954 pertunetorie
1375 4894 1400 4940 et
1417 4891 1526 4954 imperite
1539 4891 1626 4939 cliristi
1645 4902 1740 4950 gregem

953 5005 1073 5043 narrassem
1085 5010 1091 5041 ι
1102 4995 1126 5042 at
1136 4991 1195 5042 illud
1206 4992 1264 5041 milti
1272 4991 1338 5041 omui
1348 4991 1465 5054 supplicio
1473 4990 1646 5053 gratiosiores,
1656 4989 1675 5036 si
1686 4991 1741 5050 post

953 5095 1033 5143 tantus
1045 5094 1103 5142 nailti
1120 5093 1268 5143 concreditas
1282 5106 1320 5142 res
1335 5093 1390 5155 erga
1401 5106 1471 5151 enm,
1483 5091 1525 5154 qni
1540 5087 1741 5147 concredidisse,

955 5198 988 5247 ita
1004 5199 1109 5261 ingratus
1131 5197 1233 5246 uiderer.
1266 5202 1347 5257 Quare
1363 5197 1435 5259 igitur
1455 5193 1568 5257 optabam
1587 5192 1652 5243 itiam
1672 5194 1741 5240 tuam
