3892 5867
203 396 264 473 ιν,
280 395 328 472 ιω

201 526 331 605 προεξένει
345 523 494 606 στεφάνους.
536 523 591 584 Καὶ
603 523 633 581 τὸ
645 523 790 603 παράδοξον
802 524 878 584 τοῶτό
893 527 975 595 ἐστιν,

201 614 241 671 ὅτι
253 620 299 671 τοῦ
314 612 412 686 κόσμου
436 610 482 687 μέν
497 612 576 689 οθχὴ
592 610 688 686 ἀθυμία
703 610 792 687 μόνον,
808 612 877 671 ἀλλά
897 613 942 671 καὶ
957 616 976 683 ἡ

199 698 273 776 χαρά
284 699 380 773 ζημίαν
393 698 447 776 ίχει
460 697 509 767 τὴν
522 696 646 775 ἐσχάτην·
658 698 701 756 ἐπὶ
715 697 743 755 δέ
757 701 809 756 τῶν
828 721 976 774 πνευματι-

201 790 254 843 κῶν
266 784 414 845 τούναντίον
429 784 510 854 tear,
525 785 574 863 οὐχ
589 788 606 853 ἡ
620 784 692 861 χαρὰ
705 783 801 861 μόνον,
820 784 888 844 ἀλλά
903 786 974 857 καὶὴ

175 884 188 920 ⁶
200 874 299 949 ἀθυμία
310 872 391 932 πολὺν
405 872 460 950 ἔγει
470 875 520 931 τῶν
532 876 635 948 ἀγαθῶν
647 872 691 931 τὸν
701 874 838 950 θησαυρόν·
853 875 898 933 καλ
912 878 976 947 πῶς,

200 959 253 1035 ἐγὼ
267 960 345 1035 λέγω.
389 958 484 1039 Χαίρει
494 982 533 1025 τις
549 962 576 1017 έν
589 961 627 1039 τῷ
641 958 733 1039 κόσμῳ
748 961 873 1026 πολλάκις
884 960 974 1040 ἐχθρὸν

200 1049 397 1126 δυσημεροῦντα
410 1046 484 1121 ἰδὼν,
501 1046 547 1104 κιιλ
557 1045 600 1103 dd
615 1050 661 1116 τῇς
671 1055 756 1123 χαρᾶς
768 1046 863 1117 ταύτης
875 1047 974 1117 πολλὴν

201 1137 345 1193 ἀποσπᾶται
360 1136 447 1211 έαυτῷ
460 1132 507 1202 τὴν
521 1132 637 1192 κόλασιν
658 1134 733 1210 ἀλγεῖ
745 1156 784 1200 τις
800 1133 876 1192 πάλιν
890 1133 975 1213 έτερος

200 1222 310 1301 ἀδελφὸν
323 1221 437 1280 πεσόντα
460 1219 538 1296 ἰδὼν,
554 1219 600 1279 καλ
622 1218 664 1279 διὸ
684 1224 729 1290 τῇς
744 1220 856 1297 ἀθυμίας
877 1219 975 1293 ταύτης

161 1322 187 1361 ¹⁰
199 1308 299 1378 πολλὴν
318 1310 404 1386 έαυτῷ
418 1305 492 1383 παρὸι
510 1309 549 1386 τῷ
571 1307 633 1386 Θεῷ
657 1305 776 1384 προξενεῖ
797 1305 845 1377 τὴν
864 1305 973 1367 εὔνοιαν.

200 1392 282 1474 Ὁρᾷς
295 1397 352 1461 πῶς
365 1399 382 1465 ἡ
399 1392 467 1453 κστά
480 1392 549 1454 Θεὸν
566 1392 636 1462 λύπη
654 1397 700 1464 τῆς
713 1399 758 1452 τοῦ
776 1393 875 1469 κόσμου
890 1402 975 1474 χαρᾶς

134 1518 141 1528 ·
200 1481 308 1560 βελτίων
322 1480 367 1540 καλ
378 1479 582 1559 χρησιμωτέρας
596 1479 676 1539 Οθτω
689 1480 734 1538 καλ
751 1482 855 1546 Παῦλος
870 1481 974 1539 έλυπεῖ·

198 1565 354 1634 τοθιὸιτσθς
374 1566 588 1645 ἁμαρτάνοντας,
608 1564 652 1623 διὸ
664 1564 723 1632 τοὺς
743 1568 914 1634 ἀπιστοῦντας
936 1593 974 1650 τῳ

198 1657 278 1734 Θεῷ,
292 1654 337 1712 καὶ
351 1656 397 1724 τῇς
410 1652 492 1725 λύπης
505 1652 601 1725 ταύτης
616 1651 696 1711 πολὸν
707 1642 776 1733 εἶχεν
798 1653 971 1732 ἀποκείμενον

159 1755 184 1794 tr>
199 1743 269 1820 αύτῷ
280 1741 323 1799 τὸν
338 1739 439 1815 μισθόν.

237 1826 297 1887 Ἵνα
314 1826 342 1885 δέ
357 1825 514 1906 σαφέστερον
530 1824 545 1883 θ
557 1824 626 1901 λέγω
640 1824 743 1898 ποιήσω
754 1825 799 1886 καὶ
811 1827 913 1901 μάθητε
929 1831 973 1902 ῶς,

198 1916 275 1973 εἶκαὶ
286 1913 429 1992 παράδοξον
439 1911 623 1991 τὸεῖρημένσν,
636 1913 695 1972 ἀλλ’
702 1913 773 1993 ὅμως
786 1914 855 1974 ἐστὶν
868 1916 972 1990 ἀληθές,

199 2002 244 2061 καὶ
257 1994 309 2061 οἶδε
324 2007 413 2081 θρῆνος
427 2000 552 2065 πολλάκις
567 2004 730 2060 ἀνακτᾶσθαι
745 2001 791 2067 τὸς
811 2003 973 2080 θδυνωμένας

198 2089 282 2168 ψυχάς
292 2089 336 2147 καλ
342 2087 470 2166 κουφίζειν
478 2089 592 2154 συνειδὸς
603 2087 791 2168 βεύαρημένον,
805 2092 900 2149 πολλαὶ
908 2094 970 2150 πολ·

156 2191 187 2229 an
199 2178 272 2242 λσίκις
295 2184 415 2256 γυναῖκες
439 2173 621 2233 ἀπσθαλσῶσαι
642 2178 737 2242 παῖδας
758 2177 971 2251 ποθεινοτάτους,

199 2262 231 2320 ἂν
254 2260 302 2337 μέν
316 2264 452 2321 κωλυθῶσι
468 2262 596 2338 δακρῦσαι
618 2261 663 2319 καλ
678 2266 806 2341 θρηνῆσαι
819 2263 864 2322 καλ
878 2264 972 2343 diopi-

199 2353 310 2425 ρασθαι,
327 2349 528 2429 διαρρήγνυνται
541 2350 587 2406 καλ
606 2349 773 2408 ἀπολλυνται·
789 2348 821 2407 ἂν
835 2349 863 2408 δέ
876 2351 910 2408 τὸ
920 2354 972 2408 τῶν

198 2435 364 2511 ἀθυμούντων
383 2433 527 2504 ποιήσωσιν
541 2432 644 2492 ἅπαντα
652 2480 661 2509 ,
678 2436 844 2515 κουρίζονται
856 2438 902 2496 καλ
916 2461 972 2496 πα-

198 2522 327 2601 ραμυθίαν
346 2520 524 2598 λαμόάνουσι.
581 2521 634 2582 Καὶ
659 2520 685 2580 τί
713 2521 861 2598 θαυμαστὸν
881 2526 904 2582 εἰ
928 2524 973 2584 ἐπλ

155 2613 325 2689 ασγυνσικῶν
347 2614 424 2668 τοῦτο
447 2607 603 2684 συμθαίνει,
628 2608 693 2667 ὅπου
715 2608 811 2687 γεκαὶ
836 2610 913 2669 αὐτὸν
928 2612 972 2670 τὸν

197 2697 334 2776 προφήτην
344 2694 394 2754 ἴδοι
404 2719 443 2762 τις
453 2694 484 2753 ἂν
496 2695 633 2774 πάσμαντα
643 2702 720 2755 τοῦτο
733 2696 778 2756 καὶ
788 2700 901 2776 συνεχῶς
911 2717 920 2773 ;
934 2696 974 2764 τίς

199 2783 299 2858 έλεγεν,
317 2811 330 2835 s
345 2781 438 2858 Ἀρετέ
459 2805 508 2859 με,
529 2788 628 2863 πικρῶς
647 2784 806 2861 κλαύσομαι·
828 2785 865 2859 μὴ
896 2807 972 2844 κατι-

197 2872 312 2949 σχύσητε
321 2871 531 2950 παρακαλοῶύττς
539 2873 582 2929 ἀπὸ
590 2872 621 2929 τὸ
633 2871 781 2950 σύντριμμα
790 2875 837 2942 τῇς
848 2873 971 2952 θυγατρὸς

195 2963 241 3016 τοῦ
254 2958 342 3036 γένους
357 2982 406 3035 μου
411 2982 420 3032 ;
435 2985 447 3012 ν
460 2955 547 3017 Ὥστε
561 2956 617 3016 tort
630 2958 756 3025 πολλάκις
766 2958 838 3030 λύπη
848 2982 972 3038 παραμυο

156 3061 184 3098 ⁴⁰
197 3046 254 3103 θέα*
268 3044 391 3126 fimf
412 3047 435 3102 εἰ
457 3044 485 3103 δὲ
507 3046 551 3103 ἀπὸ
576 3051 621 3104 τοῦ
646 3044 746 3120 κόσμου
769 3051 862 3119 τοῦτον
878 3048 969 3127 πολλῷ
1018 3081 1174 3144 multomagis
1184 3083 1208 3131 in
1220 3081 1292 3132 rebus
1301 3083 1470 3144 spiritualibus.
1482 3086 1607 3146 Propterea
1616 3085 1719 3144 dictita.
1734 3088 1792 3135 cor.

195 3134 296 3208 μᾶλλον
314 3133 357 3190 ἀπὸ
367 3135 418 3190 τῶν
432 3135 616 3207 πνευματικῶν
635 3132 809 3210 πραγμάτων.
826 3133 877 3191 Διά
893 3133 970 3193 τοῦτο’

196 3242 285 3298 φησιν,
301 3245 312 3271 ι
327 3219 363 3280 Ἦ
379 3219 406 3278 δέ
419 3218 489 3277 κατάι
503 3218 571 3280 Θεὸν
589 3217 659 3290 λύπη
681 3219 819 3296 μετάνοιαν
834 3224 869 3286 είς
882 3244 970 3293 σωτη·

198 3306 254 3386 ρίαν
268 3305 465 3383 ἀμεταμέλητον
484 3304 680 3385 κατεργάζεται.
701 3331 713 3356 ν
755 3306 809 3365 Καὶ
832 3308 902 3364 δοκεῖ
922 3330 971 3382 μεν

195 3399 271 3461 τοῦτο
284 3391 381 3474 ἀσαφές
392 3382 466 3451 εἶναι·
479 3390 532 3450 θδὲ
544 3393 613 3470 λέγει
625 3392 741 3450 τοιοῦτόν
753 3394 834 3450 ἔστιν·
846 3391 878 3450 ἂν
889 3394 971 3466 λυπη·

155 3492 183 3531 ⁸⁸
197 3485 242 3553 θῇς
263 3480 305 3540 iet
325 3480 475 3557 χρήμασιν,
491 3478 563 3538 οὐδέν
582 3480 728 3558 ὠρελησας
747 3480 778 3537 ἂν
792 3481 909 3560 λυπηθῇς
927 3481 970 3541 ἀπὸ

196 3565 335 3640 νοσήματι,
346 3563 417 3623 οὐδέν
427 3565 573 3643 έκέρδανας,
587 3564 708 3624 ἀλλὰκαὶ
720 3562 861 3645 ἐπέτριψας
874 3568 969 3626 σαυτὸν

144 3721 147 3726 ¹
195 3653 310 3725 μᾶλλον.
357 3651 410 3710 Καὶ
424 3654 527 3710 πολλῶν
541 3651 621 3731 ἔγωγε
632 3651 732 3723 ἤκουσα
743 3652 810 3728 μετὰ
824 3649 871 3721 τὴν
883 3653 970 3711 τοιαύ-

194 3762 241 3809 την
264 3740 355 3817 πεῖραν
372 3737 534 3813 αἰτιωμένων
547 3737 592 3796 καί
611 3739 676 3818 πρὸς
693 3736 799 3804 ἑαυτοὺς
819 3739 966 3817 λεγόντων,

195 3826 231 3883 Τί
245 3826 275 3884 τὸ
288 3825 378 3905 όρελος
391 3823 431 3883 ότι
445 3825 568 3904 dit-(qm
593 3826 652 3883 οὔτε
670 3824 703 3882 τὸ
716 3824 843 3905 χρήματα
858 3830 969 3897 ἀνεκτη-

154 3924 183 3963 ⁴⁰
195 3913 302 3987 σοίμην,
316 3912 361 3971 καλ
375 3911 487 3986 ἐμαυτὸν
501 3910 666 3992 κατέθλαψα.
707 3911 754 3971 Ἂν
766 3911 793 3970 δὲ
802 3915 920 3989 λυπηθῇς
929 3914 968 3992 ἀρ’

193 3999 327 4080 άμαρτίρ,
344 3999 442 4068 ταύτην
456 3998 479 4056 τ’
502 3998 637 4078 έξήλειψας
658 3997 703 4058 καλ
724 3999 871 4080 ίκαρπιύσω
893 4023 968 4077 μεγι-

193 4109 258 4158 στην
273 4086 378 4160 ἡδονήν·
396 4084 427 4143 ἂν
444 4087 561 4163 λυπηθῇς
575 4087 618 4142 έπὶ
641 4093 694 4151 τοῖς
710 4088 828 4164 ἀδελφοῖς
845 4087 898 4153 τοῖς
919 4110 968 4143 πε-

193 4173 338 4246 πτωκόσιν,
354 4171 445 4233 ἑαυτόν
464 4196 493 4231 τε
514 4173 693 4251 παρεκάλεσας
711 4173 757 4232 καλ
770 4173 966 4251 παρεμυθήσω,

193 4259 325 4325 κάκείνους
336 4261 472 4330 ἀνεκτῇσω
482 4257 626 4331 πάλιν,κάν
637 4258 860 4338 μηδὸνώρελῇαῃς
868 4259 968 4331 αὐτοὺς,

154 4364 180 4404 it
194 4346 320 4422 μεγίστην
334 4346 401 4425 ίχεις
415 4346 553 4406 ἀντίδοσιν.
569 4346 621 4405 Καὶ
635 4344 678 4403 iva
700 4346 784 4425 μάθῃς
797 4346 837 4403 ότι
849 4351 927 4405 τοῦτο
937 4348 967 4408 τὸ

193 4433 332 4490 λυπεῖσθαι
345 4433 388 4491 ἀπὸ
401 4433 454 4498 τοῖς
467 4431 634 4505 πεπτωκόσι,
647 4431 696 4489 κθν
712 4432 793 4507 μηδὲν
810 4435 967 4512 ῶρελῶμεν,

194 4519 321 4595 μεγίστην
335 4524 399 4595 ἡμῖν
414 4517 486 4597 φέρει
500 4517 549 4590 τὴν
568 4516 691 4592 ἀμοιθην,
703 4518 814 4578 ἄκουσον
827 4524 872 4577 τοῦ
886 4517 967 4587 Ἰεζε-

193 4605 256 4677 κιὴλ
279 4604 412 4680 λέγοντος,
428 4607 527 4680 μᾶλλον
546 4604 573 4663 δέ
592 4609 638 4664 ποῶ
658 4606 729 4665 Θεοῦ
744 4607 776 4664 δι’
791 4605 888 4664 isitres
904 4604 969 4687 [λα·

192 4690 324 4773 tetrior}
349 4691 439 4763 ἐπειδὴ
462 4692 513 4770 γάρ
534 4689 636 4770 ίπεμψί
650 4714 723 4758 τινας
735 4693 904 4771 κατασκάψαι
917 4693 966 4764 τὴν

153 4797 180 4835 σο
192 4778 267 4837 πόλιν
282 4779 327 4837 καλ
350 4778 448 4858 σιδήρῳ
462 4779 508 4837 καί
525 4777 588 4856 πυρλ
609 4779 758 4849 δαπανῆσαι
776 4775 810 4836 τὸ
823 4779 966 4854 οἰκοδομή-

193 4888 264 4939 ματα
281 4864 386 4924 άπαντα
408 4864 544 4942 μετὰτῶν
563 4863 729 4923 θνσικούντων
744 4867 843 4937 αὐτῶν,
868 4866 966 4926 κελεύει

191 4951 241 5008 τινὶ
257 4949 338 5028 λέγων
352 4951 440 5018 οὕτως·
456 4979 467 5002 ν
480 4951 529 5019 Δὸς
543 4951 573 5010 τὸ
585 4957 694 5027 σημεῖον
708 4952 751 5010 tart
763 4951 901 5029 πρόσωπον
912 4956 964 5012 τῶν

193 5040 293 5117 ἀνδρῶν
306 5044 357 5098 τῶν
373 5040 545 5106 στεναζόντων
560 5040 604 5097 καὶ
619 5037 850 5114 κατοδυνωμένων.
868 5065 880 5090 s
910 5038 965 5100 Καὶ

195 5134 248 5193 τοῖς
263 5126 361 5207 ἑτέροις
375 5126 512 5203 κελεύσας,
524 5126 568 5186 καὶ
581 5122 661 5186 εἰπὼν
672 5124 712 5186 ὅτι
724 5154 736 5179 r
747 5125 809 5188 Ἀπὸ
819 5129 871 5185 τῶν
883 5126 964 5206 ἁγίων

747 392 913 452 notitiis
935 393 1251 455 nacininocrtvt.

1735 407 1788 459 itt

1024 528 1054 575 Et
1070 525 1115 575 troo
1123 528 1159 576 est
1172 527 1275 576 nimime
1288 525 1441 588 admirabile,
1457 526 1524 589 qnod
1536 526 1619 577 mnndi
1639 541 1687 577 non
1699 528 1795 579 tristitia

1021 635 1130 693 ισιιιυιιι,
1145 645 1229 681 rerum
1243 637 1267 682 et
1281 633 1362 682 irretitis
1378 632 1493 681 damnum
1513 632 1586 683 trahet
1600 637 1735 684 extremum
1751 647 1757 678 ι
1771 635 1796 683 in

1020 738 1182 799 spirituatibns
1201 750 1259 787 rere
1269 738 1413 786 contrarium
1430 739 1524 798 totam,
1537 751 1584 787 non
1594 737 1676 789 taetitia
1691 741 1795 799 tanturn,

1021 849 1104 885 rarum
1118 838 1142 885 et
1166 836 1263 886 tristitia
1283 836 1385 887 miiitum
1407 835 1479 887 habet
1500 837 1617 885 bonorum
1645 837 1794 886 thesaurum.

1019 936 1103 985 Dicam
1118 936 1247 998 quomodo.
1279 937 1353 988 Verbi
1365 937 1439 999 gratia
1458 955 1465 986 r
1484 937 1572 998 gaudet
1592 937 1647 999 quis
1665 936 1689 986 in
1702 939 1795 986 mundo

1019 1049 1081 1098 saeps
1100 1037 1225 1086 inimicum
1243 1037 1390 1104 laborantem
1401 1037 1500 1099 ridens,
1516 1043 1541 1087 et
1554 1050 1596 1100 per
1609 1037 1672 1086 trane
1686 1036 1795 1086 iaetitiem

1019 1139 1119 1188 multam
1141 1140 1186 1188 sibi
1200 1140 1298 1190 attrahit
1320 1153 1415 1203 poensnr
1428 1155 1435 1189 z
1450 1140 1516 1190 dotet
1535 1154 1632 1190 rursum
1651 1142 1707 1202 quis
1730 1139 1793 1189 atius

1019 1236 1115 1288 tratrem
1127 1239 1219 1302 tapsum
1234 1239 1327 1302 sidens,
1343 1241 1368 1289 et
1380 1254 1422 1302 per
1432 1240 1494 1289 trane
1504 1240 1623 1290 tristitiam
1637 1240 1737 1289 mutiam
1749 1239 1796 1289 sitsi

1018 1339 1081 1402 apud
1102 1343 1181 1391 Deum
1200 1340 1391 1392 benevolentiam
1411 1347 1542 1404 comparat.
1575 1341 1659 1391 cernis
1673 1340 1796 1402 quomodo

1019 1438 1150 1488 ιεοσοθσισ
1164 1442 1241 1489 Deum
1255 1440 1353 1490 tristitia
1366 1438 1450 1489 mnndi
1470 1440 1553 1489 territi
1565 1439 1650 1490 metior
1662 1439 1693 1489 sit
1703 1441 1729 1489 at
1741 1439 1792 1488 uti·

954 1571 971 1586 .
1019 1537 1132 1588 tior?8ie
1143 1542 1168 1590 it
1187 1540 1275 1590 Penius
1294 1540 1435 1590 tristabatur
1446 1543 1541 1604 propter
1553 1540 1647 1604 eosqui
1668 1543 1795 1600 peccarent

1018 1645 1043 1690 et
1057 1645 1108 1692 Deo
1119 1655 1165 1691 non
1176 1641 1315 1702 crederent,
1329 1645 1354 1693 et
1365 1656 1395 1692 es
1406 1643 1451 1692 trae
1465 1643 1561 1693 tristitia
1574 1642 1677 1692 mrrttam
1693 1640 1738 1692 sibi
1752 1653 1792 1690 re·

1018 1746 1120 1808 positam
1132 1746 1235 1796 habebat
1247 1746 1390 1796 mercedem.

1050 1849 1083 1897 Ut
1095 1849 1175 1897 antem
1193 1847 1341 1895 manifestius
1350 1845 1415 1908 qnod
1424 1844 1479 1895 dieo
1489 1846 1587 1907 tactam,
1604 1848 1628 1894 et
1642 1845 1751 1904 discatis,
1766 1844 1795 1892 ti-

1017 1945 1056 1994 eet
1067 1950 1154 2006 prater
1170 1944 1306 2006 opinionem
1325 1945 1357 1993 sit
1370 1944 1477 2004 dictum,
1494 1946 1575 1994 tamen
1589 1956 1671 1992 rernm
1690 1957 1756 2001 osse,
1771 1944 1796 1992 et

1018 2052 1087 2101 posse
1097 2040 1188 2088 tacturas
1202 2052 1266 2101 saepe
1278 2039 1387 2087 dolentes
1400 2039 1493 2086 animas
1509 2050 1618 2099 reparare
1631 2042 1655 2086 et
1667 2038 1792 2087 eonscien-

1018 2136 1075 2183 tiam
1091 2136 1212 2194 ςτενεῑειιι
1228 2135 1335 2183 relevare
1350 2153 1356 2184 r
1373 2135 1456 2184 mutire
1471 2136 1560 2197 saepius
1577 2134 1792 2184 mulieresdeside·

1018 2227 1140 2277 ratissimis
1155 2229 1248 2278 amasii
1263 2230 1330 2291 titiis,
1343 2231 1363 2279 si
1373 2230 1544 2292 prohibeantur
1556 2231 1654 2293 quidem
1668 2231 1739 2292 itere,
1754 2231 1794 2279 tu-

1017 2336 1072 2385 gere
1087 2326 1111 2374 et
1124 2324 1253 2385 conqueri,
1264 2324 1445 2387 disrumpuntur
1459 2326 1484 2375 et
1500 2327 1616 2388 perennt;
1630 2326 1650 2375 si
1664 2338 1720 2374 aero
1737 2339 1795 2374 ινσε-

1017 2418 1120 2468 rentium
1144 2419 1225 2468 omnia
1259 2420 1370 2480 iecerint,
1398 2420 1533 2470 retevantnr
1558 2422 1584 2470 et
1609 2419 1795 2470 oonsotationem

1017 2510 1145 2573 accipiunt.
1186 2514 1217 2562 Et
1230 2511 1288 2575 quid
1308 2511 1458 2575 mirandum,
1478 2513 1499 2562 si
1512 2512 1537 2562 Ισ
1548 2513 1688 2563 mutieribus
1700 2513 1747 2562 troo
1758 2513 1794 2574 tit,

1017 2606 1112 2668 qrrando
1127 2607 1199 2656 etiam
1213 2608 1289 2669 ipsum
1302 2608 1442 2669 prophetam
1452 2608 1497 2658 Ιισο
1508 2609 1638 2671 patientem
1649 2608 1729 2657 ridere
1740 2609 1795 2671 quis

1019 2703 1106 2763 possit,
1120 2704 1226 2766 adeoque
1239 2703 1402 2753 motinenteri
1414 2706 1473 2764 Quis
1489 2703 1604 2767 dicebat(
1618 2707 1681 2755 isai.
1696 2711 1734 2754 tr.
1754 2705 1793 2766 t),

1018 2799 1099 2847 Sinite
1108 2811 1162 2861 me,
1173 2811 1262 2848 emero
1274 2798 1363 2861 inpete
1373 2815 1382 2849 .·
1392 2799 1474 2850 notite
1483 2799 1650 2860 contendere,
1663 2803 1693 2849 ιιι
1706 2812 1794 2848 conso-

1019 2893 1108 2943 lemini
1119 2907 1199 2958 super
1208 2897 1362 2946 contritione
1366 2896 1433 2959 ,θύω
1443 2900 1542 2959 perime
1555 2898 1624 2946 met?
1639 2898 1721 2957 iisqne
1729 2909 1794 2958 saepe

1019 2985 1116 3036 tristitia
1126 2987 1195 3036 atteri
1209 2988 1409 3050 ουοεοΙεθοσσοις
1425 2989 1445 3038 si
1459 2994 1540 3039 autem
1554 2990 1578 3039 in
1593 2989 1684 3038 mundo
1694 2989 1739 3038 ime
1753 2990 1793 3052 tit,

1017 3183 1041 3228 7.
1059 3179 1116 3239 10),
1128 3176 1273 3228 serrandum
1292 3181 1374 3227 Deum
1389 3181 1480 3227 autem
1494 3180 1602 3227 tristitia
1613 3181 1794 3240 poenitentiam

946 3307 952 3326 ι
1016 3275 1043 3322 ira
1055 3273 1167 3323 satutem
1180 3284 1230 3321 ιιοιι
1248 3272 1424 3334 penitentiam
1437 3275 1570 3335 operatur.
1592 3273 1622 3322 tit
1637 3273 1684 3322 troc
1696 3272 1793 3335 quidem

1016 3368 1145 3417 obscurum
1158 3380 1213 3416 asse
1226 3366 1336 3429 visetum
1349 3366 1412 3428 quod
1427 3369 1508 3416 autem
1517 3365 1576 3416 dieii
1585 3369 1621 3416 est
1633 3367 1769 3427 hujusmodi
1784 3387 1791 3418 ι

1015 3469 1039 3518 Si
1053 3468 1083 3517 da
1097 3467 1205 3529 pecuniis
1220 3467 1329 3517 tristatus
1345 3466 1433 3527 inerte,
1452 3467 1512 3516 nitrii
1528 3467 1662 3529 proiecisti3
1675 3468 1695 3516 si
1714 3468 1744 3517 de
1755 3482 1790 3517 re·

1014 3565 1148 3626 mitudinis,
1164 3564 1223 3614 nitrii
1242 3563 1348 3613 ineratus
1369 3576 1408 3624 es,
1420 3576 1505 3612 rerum
1528 3565 1552 3613 et
1571 3563 1645 3624 magia
1665 3565 1689 3613 te
1712 3564 1789 3626 ipsum

1015 3664 1155 3714 contrivisti.
1188 3667 1211 3713 3.
1236 3666 1264 3712 tit
1274 3675 1319 3724 ego
1333 3661 1429 3723 quidem
1442 3660 1532 3711 maritos
1548 3661 1629 3710 audiri
1649 3665 1703 3722 post
1718 3662 1790 3712 tatem

1014 3760 1183 3822 experientiam
1192 3773 1220 3809 se
1230 3763 1382 3818 εοσυεεσιοε,
1395 3761 1420 3809 at
1437 3757 1468 3807 ad
1479 3771 1504 3807 se
1516 3757 1580 3819 ipsos
1591 3757 1716 3807 dicentes:
1731 3759 1792 3814 Qum

1016 3860 1105 3909 utititas
1115 3859 1179 3921 qnod
1194 3857 1275 3908 dolui?
1284 3870 1328 3908 nee
1339 3857 1451 3920 pecunias
1460 3857 1608 3919 recuperari,
1626 3859 1651 3907 at
1663 3869 1702 3905 rne
1711 3856 1791 3918 ipsam

947 4001 953 4020 ,
1015 3955 1074 4004 toesi.
1106 3955 1132 4005 Si
1148 3967 1205 4004 nero
1216 3953 1246 4003 da
1257 3955 1355 4015 peceato
1366 3951 1481 4011 tristeris,
1492 3956 1517 4001 et
1528 3952 1575 4000 Ιιοσ
1585 3950 1667 4000 deterri
1682 3953 1706 4001 et
1718 3953 1793 4000 mari·

1015 4066 1078 4102 mam
1088 4052 1194 4101 ineratus
1205 4064 1232 4101 σι
1242 4050 1399 4110 voluptatem.
1438 4049 1463 4099 si
1477 4048 1507 4097 de
1525 4046 1637 4097 iratribus
1651 4046 1723 4107 lapsis
1734 4060 1791 4096 con·

1014 4149 1126 4208 tristeris,
1151 4153 1175 4200 te
1195 4151 1273 4213 ipsum
1302 4150 1410 4198 irortatas
1427 4161 1453 4198 es
1473 4150 1498 4197 et
1515 4146 1668 4207 consolatus,
1691 4151 1714 4194 et
1738 4146 1792 4196 ittos

1015 4262 1110 4298 rursum
1121 4247 1264 4310 recuperasti
1275 4258 1284 4294 ι
1293 4247 1386 4297 σείεται)
1395 4246 1452 4295 nitrit
1460 4245 1517 4307 ipsis
1526 4243 1650 4306 proterens,
1660 4242 1789 4291 maximam

1015 4347 1088 4396 trabes
1098 4344 1240 4395 mercedem.
1246 4346 1277 4394 at
1288 4346 1315 4392 ut
1323 4342 1400 4392 daras
1408 4341 1508 4404 qnodda
1518 4340 1589 4403 lapsis
1594 4340 1693 4401 tristari,
1702 4340 1748 4389 etsi
1754 4341 1791 4389 ni-

1014 4445 1046 4494 trit
1062 4457 1200 4505 prosumus,
1213 4444 1341 4493 maximam
1353 4441 1424 4492 nobis
1437 4440 1617 4491 retributionem
1626 4439 1723 4500 atterm,
1734 4439 1790 4487 andi

1013 4544 1160 4594 Erectrietam
1169 4543 1301 4604 dicentem,
1312 4542 1361 4591 imo
1374 4556 1433 4592 vero
1448 4544 1524 4591 Deum
1540 4555 1582 4605 per
1596 4541 1675 4603 ipsum
1692 4543 1790 4604 toquen-

1015 4645 1072 4692 tem.
1104 4646 1234 4706 Postquam
1249 4642 1314 4692 eoitn
1332 4642 1396 4692 misit
1410 4641 1526 4704 quosdam
1550 4641 1580 4690 ad
1600 4640 1788 4691 subvertendum

1013 4745 1112 4805 arbom,
1123 4745 1148 4793 et
1162 4745 1225 4793 terro
1232 4746 1258 4792 et
1268 4742 1316 4802 imi
1330 4741 1520 4792 ermamendum
1529 4741 1630 4792 editicia
1641 4742 1721 4790 omnia
1732 4756 1788 4792 eom

1011 4840 1183 4891 tratritatoritrns
1202 4840 1274 4901 ipsis,
1296 4839 1397 4900 imperet
1413 4838 1508 4888 cuidam
1525 4838 1560 4888 sic
1576 4837 1660 4887 dicens
1675 4837 1786 4896 (izeei.

1010 4948 1034 4990 a.
1044 4940 1069 5003 i)
1079 4958 1085 4989 :
1095 4942 1135 4989 Do
1144 4941 1248 5000 stonum
1259 4940 1287 4986 irs
1295 4935 1491 4998 sacieeirorrirrr
1499 4938 1657 4998 persentiam
1666 4938 1691 4984 et
1700 4934 1788 4984 dolero

1011 5042 1087 5087 tium.
1120 5040 1150 5085 nr
1165 5049 1220 5085 enm
1232 5036 1285 5084 sitis
1298 5034 1452 5097 imperasset,
1463 5035 1488 5083 et
1499 5032 1597 5082 dixisset
1607 5031 1658 5092 (ii.
1679 5044 1704 5080 v.
1724 5032 1785 5090 o),i

1009 5137 1107 5186 sanctis
1118 5138 1182 5186 meis
1193 5137 1299 5198 incipite
1312 5151 1321 5183 .·
1334 5133 1412 5184 iaiottt
1428 5132 1519 5193 dcem,
1529 5133 1614 5194 Supra
1625 5141 1686 5193 puna
1699 5130 1788 5179 satem
