3892 5867
156 380 291 466 rous-i

152 520 232 593 ἡμᾶς
257 513 403 596 εὐρραίνειν
424 510 529 588 εἴωθεν,
555 514 590 580 ώς
611 513 725 579 συνειδὸς
746 512 877 592 χρηστὸν,
899 512 944 571 καί

152 604 262 671 ἐλπίδες
276 599 384 679 ἀγαθαί.
427 600 496 658 Ἀλλ’
512 598 685 667 ἀναπαύσεως
697 599 782 658 ἕνεκεν
796 604 872 657 τοῦτο
886 601 943 658 ἐπι·

152 692 261 763 ζητεῖςς
276 690 347 749 Ἀλλ’
362 687 546 747 ἀποδέδεικται
561 687 605 745 καί
621 693 697 746 τοῦτο
711 685 884 767 εὐκολώτερον
897 687 941 763 δν,

152 779 221 838 ὅταν
244 776 354 857 ἀδελφὸς
377 781 496 856 συνοικῇ.
538 778 594 835 Νῦν
615 775 663 851 μίν
683 775 733 855 γὸρ
756 774 828 834 οὐδὲν
852 774 943 834 δούλου

122 887 137 924 s
153 865 327 945 διενήνοχας,
342 864 389 924 καὶ
403 868 486 935 ζητῶν
504 863 651 921 ἀνάπαυσιν
672 862 790 922 δουλείαν
806 855 876 944 εὐρες
889 886 941 943 χα-

151 955 330 1025 λεπωτάτην·
342 952 401 1012 τότε
414 952 440 1010 δὲ
453 952 549 1024 ταύτης
561 951 634 1018 ἐκτὸς
646 949 758 1024 ἕστηκας
770 955 816 1022 τῆς
827 954 943 1031 λειτουρ-

151 1043 233 1121 γίας,
251 1044 299 1100 καί
312 1045 367 1100 τῶν
384 1040 593 1115 ἐπιταττόντων,
615 1039 644 1096 οὐ
661 1042 714 1097 τῶν
732 1039 942 1114 ἐπιταττομένων

151 1129 216 1200 ἐση.
259 1126 349 1188 Ὅταν
363 1117 408 1187 οὐν
423 1129 478 1185 ἐκεῖ
491 1123 540 1202 μίν
555 1127 608 1183 ἀνθ’
622 1127 717 1197 ἡδονῆς
728 1125 813 1197 λύπη,
825 1125 871 1184 καί
885 1126 942 1185 ἀντὶ

151 1196 233 1292 δόξης
245 1219 378 1300 αἰσχύνη,
392 1219 437 1277 καὶ
451 1217 509 1276 ἀντὶ
521 1216 666 1295 ἐλευθερίας
678 1217 795 1290 δουλεία,
807 1218 852 1276 καί
864 1218 943 1285 πόνος

109 1329 136 1367 ιο
151 1308 214 1369 ἀντὶ
228 1307 403 1376 ἀναπαύσεως
416 1306 586 1387 (πρόσκειται
597 1304 624 1365 δέ
634 1305 679 1364 καί
689 1304 718 1363 τὸ
730 1308 943 1386 βλασρημεῖσθαι

149 1399 199 1458 τὸν
214 1397 300 1467 Θεὸν,
314 1397 361 1455 καί
380 1396 499 1454 ἀπώλεια
512 1394 646 1470 τοσαύτη,
668 1393 712 1452 καί
728 1393 879 1468 σκάνδαλα,
895 1395 942 1454 καί

149 1486 265 1552 κόλασις
283 1484 425 1556 ἀθάνατος,
439 1482 485 1542 καί
502 1481 600 1562 μυρίων
613 1482 742 1549 ἔκπτωσις
757 1484 886 1561 ἀγαθῶν),
901 1486 941 1542 ἐν·

149 1577 240 1631 ταῦθα
251 1572 279 1630 δέ
294 1570 419 1631 τάναντία
432 1570 555 1641 ἅπαντα,
569 1569 646 1640 δόξα,
660 1568 744 1646 τιμὴ,
763 1569 857 1642 ἡδονὴ,
871 1573 942 1653 παῤ-

152 1660 256 1742 ῥησία,
271 1660 422 1737 ἐλευθερία,
437 1656 554 1737 σωτηρία
569 1660 675 1739 ψυχῶν,
691 1657 825 1736 βασιλείας
839 1661 942 1741 κληρο-

109 1763 136 1802 1⁵
152 1747 256 1824 νομία,
272 1747 407 1814 κολάσεως
425 1743 583 1822 ἀπαλλαγὴ,
598 1744 665 1811 τίνος
679 1744 765 1803 ἕνεκεν
783 1747 830 1803 οὐκ
844 1748 942 1805 ἀνταλ-

151 1833 290 1911 λαξόμεθα
313 1840 398 1892 ταῦτα
422 1832 541 1904 ἐκείνων,
564 1828 634 1908 Ἐγὼ
654 1833 701 1908 μὲν
720 1834 767 1889 οὐκ
781 1822 857 1910 οἶδα,
872 1832 941 1902 πλὴν

150 1922 231 1986 εἴτις
253 1919 346 1978 ἑαυτὸν
369 1919 460 1986 ἁπλῶς
480 1917 630 1977 ἀπολλύναι
652 1919 800 1996 ἐπιθυμοίη·
815 1917 873 1977 οὐδὲ
891 1921 941 1999 γάρ

150 2007 288 2085 ἀπολογία
302 2005 393 2065 λοιπὸν
405 2004 480 2063 ἔσται
492 2001 557 2080 ἡμῖν
571 2004 631 2064 οὐδὲ
643 2006 797 2084 συγγνώμη.
844 2009 876 2066 Ei
890 2006 941 2087 γὰρ

150 2095 200 2153 καί
224 2097 337 2172 μηδενὸς
359 2093 431 2159 ὄντος
451 2092 565 2164 τούτων,
589 2093 677 2152 πάντα
700 2095 841 2170 ὑπομεῖναι
861 2096 940 2175 ἐχρῆν

106 2195 136 2234 2⁰
149 2185 220 2262 ὑπὲρ
240 2187 288 2253 τῆς
306 2187 350 2240 τοῦ
364 2184 435 2242 Θεοῦ
448 2181 537 2256 δόξης,
560 2180 622 2240 όταν
635 2182 682 2241 καί
696 2182 729 2240 τὸ
747 2185 856 2241 ἐνταῦθα
873 2205 941 2263 καρ-

148 2276 268 2330 ποῦσθαι
281 2273 371 2349 παρῇ,
385 2269 431 2327 καί
444 2274 496 2328 τῶν
513 2268 661 2347 μελλόντων
677 2273 808 2350 ἐπιτυχεῖν
821 2273 940 2348 ἀγαθῶν,

148 2361 231 2435 ἡμεῖς
248 2359 275 2417 δέ
289 2358 352 2437 πρὸς
364 2361 402 2438 τῶ
417 2357 464 2428 τὴν
479 2363 524 2417 τοῦ
540 2362 610 2419 Θεοῦ
627 2360 838 2440 βλασρημεῖσθαι
851 2358 940 2431 δόξαν,

147 2448 198 2508 καὶ
219 2446 329 2513 ἑαυτοὺς
348 2444 611 2525 προσαπολλύωμεν,
629 2445 667 2513 τίς
685 2453 757 2521 ἡμᾶς
776 2445 941 2527 ἐξαιρήσεται

148 2535 199 2592 καί
212 2534 363 2602 ἀπαλλάξει
373 2537 419 2604 τῆς
428 2534 556 2614 τιμωρίας
570 2537 616 2605 τῆς
632 2534 675 2593 ἐπί
687 2534 788 2600 τούτοις
801 2533 939 2613 κειμένης,

105 2639 134 2676 25
150 2626 213 2682 Οὐκ
229 2624 299 2681 ἐστιν
311 2621 403 2690 οὐδείς.

191 2715 289 2772 Ταῦτα
301 2703 345 2771 οὐν
355 2711 460 2770 ἅπαντα
476 2710 666 2789 συναγαγόντες
678 2709 742 2789 πρὸς
756 2709 879 2787 ἑαυτοὺς,
891 2735 940 2769 κα·

147 2803 332 2878 ταλλαγῶμεν
347 2799 393 2880 ὐψέ
408 2805 470 2878 γοῦν
482 2823 546 2858 ποτε
560 2803 593 2874 τῇ
609 2798 724 2879 σωτηρία
739 2802 790 2856 τῶν
806 2798 940 2878 ἡμετέρων

147 2891 256 2968 ψυχῶν.
301 2889 334 2947 Εἰ
345 2889 372 2946 δὲ
385 2889 455 2947 δοκεῖ
464 2911 523 2946 τινα
535 2887 753 2966 δυσκολίανέχειν
763 2886 793 2946 τὸ
802 2885 939 2958 συνήθειαν

149 2979 360 3046 ἀποσπασθῆναι
373 2974 492 3056 μακράν,
505 2979 538 3052 τῇ
551 2974 661 3050 δυνάμει
673 2980 718 3031 τοῦ
733 2976 860 3052 λογισμοῦ
872 2974 940 3050 μετδι

105 3079 135 3116 ³0
150 3064 201 3135 τὸν
217 3069 264 3122 τοῦ
276 3068 347 3122 Θεοῦ
358 3063 437 3143 χάριν
450 3063 479 3122 τὸ
490 3071 543 3120 πᾶν
558 3061 758 3141 ἐπιτρέψαντες,
768 3065 872 3122 κάκεῖνο
883 3061 939 3121 πεί·

148 3175 246 3218 σαντες
270 3152 391 3223 ἑαυτοὺς,
410 3150 465 3221 δτι,
489 3148 521 3208 ἀν
543 3149 627 3229 ἀρχὴν
651 3152 729 3227 μόνον
750 3154 880 3229 ἐπιθῶμεν
901 3156 939 3233 τῷ

151 3240 309 3319 πράγματι,
324 3238 411 3298 οὐκέτι
434 3238 549 3318 ὀψόμεθα
565 3237 701 3317 δυσχερὲς,
717 3238 785 3297 οὕτω
806 3242 937 3299 κατατολ·

151 3328 287 3408 μήσωμεν
296 3333 343 3401 τῆς
352 3327 499 3399 συνηθείας.
541 3326 587 3387 Ἂν
596 3326 646 3408 γίιρ
657 3327 719 3386 δέκα
731 3328 832 3408 ἡμέρας
844 3329 939 3387 σαυτὸν

149 3418 325 3496 ἀποστῆσης,
343 3414 517 3498 εὐκολώτερον
529 3414 576 3483 τὸς
588 3415 670 3474 εἴκοσι
682 3410 773 3488 ιίεεις,
788 3416 833 3475 καί
847 3417 884 3484 δὶς
895 3441 937 3477 το·

105 3520 135 3561 τε
151 3504 254 3572 σαύτας
280 3504 377 3562 πάλιν·
405 3495 462 3562 εἶτα
485 3505 538 3582 ὁδῷ
561 3502 712 3583 προὸαίνων
736 3506 794 3562 οὐδὲ
818 3504 938 3578 αἴσθησιν

149 3594 227 3672 λήψῃ
244 3593 337 3654 λοιπὸν
351 3597 398 3665 τῆς
411 3597 438 3653 ἐν
453 3596 523 3673 ἀρχῇ
539 3592 696 3669 δυσκολίας,
712 3593 781 3652 ἀλλά
795 3593 825 3653 τὸ
840 3596 938 3675 σφόδρα

149 3681 399 3759 δυσκαταγώνιστον
416 3680 595 3741 εὐκολώτατον
609 3680 667 3762 ὄψει
682 3682 831 3760 γινόμενον,
845 3684 891 3743 καί
904 3688 939 3753 εἷς

150 3770 246 3849 ἑτέραν
258 3770 338 3828 πάλιν
350 3768 526 3840 καταστήσεις
540 3768 635 3827 σαυτὸν
654 3770 807 3842 συνήθειαν,
820 3771 866 3829 καί
888 3777 937 3854 ψερ-

149 3856 210 3916 δίαν
231 3856 350 3936 εὑρήσεις
367 3856 413 3927 τὸν
436 3855 574 3932 μετάθεσιν
595 3846 675 3915 οὐσαν
695 3860 724 3915 οὐ
744 3858 786 3916 διὸι
801 3859 937 3931 συνήθειαν

105 3959 135 3997 ⁴⁰
149 3946 249 4022 μόνον,
263 3944 390 4003 ἀλλὰκαὶ
404 3944 447 4001 διὸ
464 3943 510 4010 τὸς
523 3942 642 4023 χρηστὸς
656 3945 774 4010 ἐλπίδας.
815 3945 894 4005 Οθτω
908 3971 937 4006 σε

148 4036 275 4093 κάκεῖναι
287 4032 468 4109 θαυμάσονται
479 4033 617 4116 μειζόνως,
627 4032 673 4090 καὶ
684 4036 697 4090 ό
707 4032 775 4100 Θεὸς
786 4033 938 4102 ἀποδέξεται

147 4121 203 4198 πρὸ
216 4122 335 4192 ἐκείνων,
350 4119 396 4178 καί
411 4119 508 4186 πάντες
523 4118 653 4198 ἄνθρωποι
669 4120 877 4199 στερανώσουσι,
892 4121 937 4180 καί

151 4211 211 4289 βίον
228 4210 314 4289 βιώσῃ
330 4206 429 4280 πολλὴν
443 4207 491 4284 μὲν
508 4207 603 4286 ἔχοντα
619 4209 781 4289 ἐλευθερίαν,
796 4209 896 4281 πολλὴν
911 4209 937 4269 δέ

148 4299 199 4370 τὴν
210 4297 316 4370 ἡδονήν.
358 4296 393 4357 Τί
405 4294 455 4375 γάρ
468 4295 500 4352 διν
512 4297 610 4373 γένοιτο
624 4295 696 4366 ἥδιον
708 4302 753 4354 τοῦ
768 4303 812 4356 τοῦ
824 4305 938 4375 πονηροῦ

106 4406 135 4444 ιε
150 4385 300 4453 συνειδότος
314 4386 518 4461 ἀπαλλαγῆναι,
533 4383 579 4441 καὶ
594 4381 638 4442 τὸν
656 4385 761 4455 διηνεκῆ
783 4390 830 4457 τῆς
850 4389 937 4445 ἐπιθυ·

150 4475 216 4552 μ”ας
229 4475 379 4532 καταλῦσαι
394 4472 526 4547 πόλεμον,
541 4470 587 4529 καί
606 4472 674 4548 μετίι
690 4474 789 4544 πολλῆς
805 4478 851 4545 τῆς
864 4477 937 4533 εὐκο·

149 4562 210 4627 λίας
222 4561 268 4618 τὸν
282 4560 364 4619 καλὸν
378 4564 424 4630 τῆς
436 4558 604 4639 σωφροσύνης
618 4557 723 4617 πλέκειν
739 4560 880 4642 στέφανον,
894 4563 938 4621 καί

150 4742 258 4816 καθαρᾷ
277 4735 305 4793 δὲ
329 4739 402 4815 ρωνῇ
417 4734 462 4793 καί
482 4735 577 4815 καρδίᾳ
598 4733 642 4792 τὸν
657 4733 780 4793 ἀπάντων
801 4736 938 4806 Δεσπότην

109 4845 138 4882 ιο
150 4827 265 4896 καλεῖν;
284 4822 381 4889 Οὐδείς
401 4821 470 4882 οθτω
484 4821 620 4902 δεσμώτης
642 4822 760 4889 ἁλύσεως
778 4824 940 4901 ἀπαλλαγεὶς

149 4915 196 4974 καὶ
213 4915 320 4989 αὐχμοῦ
335 4910 381 4970 καί
395 4916 441 4983 τῆς
454 4911 536 4983 ἀλλης
549 4915 595 4982 τῆς
614 4915 640 4969 ἐν
651 4915 689 4992 τῷ
708 4910 880 4990 δεσμωτηρίῳ
891 4935 938 4968 τα·

149 5002 315 5080 λαιπωρίας,
328 5002 429 5076 μᾶλλον
444 5002 471 5059 δέ
485 5000 569 5067 οὐδεὶς
583 5000 650 5059 οὕτω
665 5001 852 5079 πεπηρωμένος
867 5003 938 5057 ἀνα-

150 5090 252 5169 seipse
266 5087 313 5147 καὶ
330 5087 360 5144 τὸ
381 5086 463 5166 γλυκύ
483 5093 559 5145 τοῦτο
575 5091 628 5167 ρῶς
649 5088 710 5144 ἰδὼν
726 5086 869 5164 ἀγάλλεται
893 5088 938 5146 καί

149 5179 277 5258 γάννυται
296 5175 343 5235 καὶ
356 5184 467 5257 σκιρτᾷ,
483 5179 517 5244 ώς
531 5180 545 5235 θ
559 5182 605 5248 τῆς
620 5175 737 5242 δουλείας
752 5173 848 5249 ταύτης
863 5177 937 5237 ἐλευ-

684 381 871 443 Vibullius
893 382 1258 444 SUBiNTRODUCTAS.

1720 401 1775 453 167

991 521 1055 570 bono
1065 533 1127 584 spes.
1161 522 1207 571 Sed
1220 521 1393 587 quietisgrsiie
1410 523 1456 573 boe
1466 524 1668 590 qnaerisidiprm
1678 527 1777 582 demon-

989 633 1093 681 stratum
1103 631 1215 695 estquod
1224 632 1270 681 boe
1280 632 1475 697 ieeiiiusessei,si
1486 635 1560 687 irsier
1568 638 1718 691 cohabitaret
1730 660 1736 691 ι
1747 654 1777 691 ne

991 756 1055 793 nune
1067 744 1126 794 nibil
1136 758 1150 794 n
1160 757 1232 795 servo
1241 745 1336 808 differs,
1345 748 1370 797 et
1380 759 1492 810 qurerens
1505 749 1776 811 requiem,serviiuiem

991 855 1104 907 invenisti
1120 858 1299 922 ςτενὶιιΙιιιειιις
1312 873 1368 909 cum
1384 873 1442 911 vero
1459 862 1573 912 immunis
1585 862 1617 913 uh
1635 863 1682 913 boo
1703 865 1775 915 mini·

989 966 1159 1030 sierioiueris,
1171 969 1279 1018 tumoris
1292 969 1355 1019 inier
1370 971 1465 1034 eosqui
1481 971 1614 1036 imperant,
1628 988 1677 1025 non
1687 975 1777 1040 quibus

991 1076 1132 1139 imperatur.
1164 1077 1239 1140 igilur
1254 1079 1273 1128 si
1282 1078 1314 1128 ibi
1326 1092 1369 1142 pro
1381 1081 1504 1144 voluptate
1513 1096 1602 1134 moeror
1614 1087 1639 1135 et
1648 1099 1692 1149 pro
1701 1087 1776 1156 glorio

989 1185 1114 1248 confusio,
1127 1191 1152 1237 ei
1163 1201 1207 1250 pro
1219 1188 1456 1254 insumendus,
1470 1194 1495 1242 ei
1507 1206 1550 1256 pro
1563 1195 1647 1258 requie
1658 1197 1735 1261 isbor,
1751 1201 1776 1248 et

990 1294 1110 1346 secedunt
1118 1295 1150 1346 sd
1159 1295 1213 1348 bne
1225 1298 1326 1361 quodsi
1336 1300 1601 1365 Deusbiospbemntur,
1611 1305 1711 1356 ettonis
1719 1320 1775 1371 per·

988 1403 1048 1454 diiio
1057 1405 1215 1468 semnuduin,
1224 1410 1249 1458 ei
1257 1406 1484 1473 immortulispeem,
1494 1412 1519 1461 et
1529 1412 1688 1474 plurimorum
1698 1417 1775 1468 boue-

990 1527 1042 1562 rum
1054 1513 1164 1576 εειιίειίος
1181 1516 1221 1565 bie
1238 1518 1319 1566 urriem
1335 1519 1455 1569 contraris
1473 1522 1568 1583 onmia,
1580 1523 1670 1585 glorie,
1688 1525 1775 1588 bonor,

989 1623 1116 1687 voluptas,
1125 1624 1228 1687 fiducie,
1239 1626 1351 1689 liberius,
1362 1628 1427 1679 sulus
1436 1631 1588 1696 animorum,
1599 1635 1665 1697 regni
1679 1636 1775 1686 beredi-

991 1735 1039 1793 ius,
1053 1746 1130 1795 poenus
1141 1734 1257 1798 eringium
1269 1750 1276 1784 :
1287 1737 1358 1799 cuius
1366 1738 1482 1801 reigrsiin
1492 1754 1540 1790 non
1550 1742 1602 1792 irone
1612 1743 1658 1793 iiiis
1667 1758 1775 1795 cunimu-

990 1844 1111 1894 isbimus?
1120 1848 1170 1908 Ego
1183 1849 1248 1896 serie
1257 1848 1348 1910 neseio,
1359 1849 1405 1900 nisi
1414 1850 1500 1914 quisse
1512 1852 1590 1916 ipsum
1604 1855 1702 1916 perdere
1711 1856 1774 1908 desi·

988 1955 1055 2005 desei
1059 1973 1067 2016 ς
1078 1955 1143 2005 nuiin
1152 1955 1271 2018 siquidem
1279 1958 1349 2008 nohis
1358 1961 1459 2022 postirse
1468 1963 1577 2015 defensio
1585 1966 1631 2016 erit
1641 1981 1685 2017 nse
1696 1971 1773 2020 renio.

988 2064 1012 2112 Si
1020 2062 1093 2124 enim,
1101 2065 1212 2127 quumvis
1219 2065 1278 2115 nihii
1286 2066 1373 2117 borum
1383 2071 1454 2131 esset,
1466 2071 1548 2121 omnis
1559 2075 1641 2125 tomen
1648 2090 1692 2139 pro
1699 2079 1775 2141 glorio

992 2176 1034 2225 Dei
1044 2176 1106 2226 serre
1119 2177 1258 2241 oportebat,
1267 2191 1324 2229 eum
1339 2186 1364 2230 et
1377 2183 1505 2243 presentia
1515 2187 1649 2249 percipere,
1660 2192 1684 2238 et
1693 2189 1775 2242 iuiuru

987 2287 1081 2349 assequi
1091 2287 1154 2336 boun
1163 2288 1234 2338 liceat
1242 2305 1249 2350 ;
1257 2302 1302 2338 nos
1310 2291 1392 2340 sutem
1398 2293 1561 2356 preterquam
1571 2295 1636 2358 quod
1647 2298 1689 2348 Dei
1699 2298 1774 2361 gloria

988 2393 1176 2458 binspbemniur,
1186 2397 1301 2460 nosipsos
1309 2400 1381 2448 etism
1391 2399 1514 2462 perdimus
1524 2401 1595 2464 aquis
1604 2416 1647 2454 nos
1658 2405 1743 2469 eripiet
1751 2415 1777 2458 et

991 2498 1100 2549 liberabit
1114 2513 1129 2548 a
1141 2500 1259 2563 supplicio
1270 2503 1368 2565 propter
1378 2502 1425 2553 boe
1439 2504 1508 2555 nobis
1519 2505 1674 2560 imminente?
1687 2511 1775 2563 Nullus

988 2618 1053 2655 sene.

1024 2722 1060 2765 12.
1077 2716 1250 2780 Omninigitur
1262 2717 1316 2768 baeo
1329 2717 1457 2770 nobiseum
1475 2721 1662 2787 perpendentes,
1676 2725 1713 2776 vel
1722 2739 1776 2776 sero

989 2830 1088 2881 tandem
1097 2832 1378 2894 reparemusauimsrum
1388 2837 1526 2885 nostrarum
1535 2839 1647 2888 salutem.
1681 2841 1774 2900 Quodsi

987 2944 1202 3008 quiddiideuiintis
1209 2945 1282 2996 babet
1288 2945 1392 2997 direiiin
1401 2948 1470 3011 longo
1477 2951 1660 3014 consuetudine,
1667 2958 1721 3018 posi
1731 2956 1774 3006 Dei

987 3059 1090 3122 graiium
1098 3058 1190 3109 uiribus
1203 3059 1323 3110 rniioeinii
1337 3061 1384 3112 boo
1397 3064 1477 3112 toturn
1487 3065 1664 3130 permittamus,
1675 3070 1700 3118 ei
1713 3069 1773 3120 iilud

987 3178 1057 3228 nobis
1068 3180 1262 3241 persuadeamus,
1278 3178 1381 3229 simodo
1396 3180 1540 3244 principium
1552 3181 1707 3246 imponamus
1716 3186 1774 3237 iruie

989 3291 1071 3356 operi,
1087 3292 1111 3341 id
1122 3305 1171 3341 non
1186 3291 1249 3341 uiiru
1262 3293 1340 3342 visum
1357 3292 1426 3344 nobis
1440 3295 1470 3344 iri
1480 3295 1579 3348 difficile
1595 3313 1601 3346 ι
1618 3301 1654 3349 sie
1667 3314 1773 3364 pugnam

987 3406 1308 3458 ndremuseonsueiudinem
1316 3409 1432 3459 audenter
1440 3410 1557 3461 ineamus.
1591 3415 1651 3464 Num
1659 3417 1678 3466 si
1688 3417 1772 3468 decern

987 3521 1069 3573 diesis
1077 3523 1230 3583 abstraxeris,
1238 3523 1396 3575 ineiibrsieres
1405 3525 1497 3588 viginti,
1505 3530 1528 3577 et
1536 3527 1667 3581 iterumbis
1678 3533 1774 3598 innius;

986 3636 1121 3700 deindeque
1136 3638 1224 3728 sermo
1234 3639 1387 3703 progrediens
1397 3653 1429 3691 ne
1438 3641 1527 3692 senties
1535 3643 1632 3706 quidem
1642 3645 1772 3699 diideuiis·

986 3750 1036 3797 tem
1045 3760 1119 3811 quom
1130 3748 1233 3798 imbuisti
1243 3748 1324 3812 initio,
1336 3748 1476 3813 videbisque
1486 3752 1627 3803 iseiiiimum
1638 3756 1700 3806 iocis
1710 3757 1773 3818 deri,

986 3856 1050 3922 quod
1058 3859 1095 3908 iot
1103 3870 1190 3920 agones
1198 3858 1420 3922 priusexposeebei,
1426 3863 1450 3910 ei
1458 3861 1482 3910 in
1491 3862 1563 3912 niium
1572 3878 1654 3915 rursus
1661 3869 1686 3916 ie
1695 3869 1774 3919 tram-

986 3968 1268 4028 ieresconsuetudinem,
1283 3968 1407 4018 inveniens
1421 3970 1485 4018 baud
1502 3972 1536 4021 iis
1551 3986 1710 4034 gruremesse
1720 3989 1773 4028 enm

986 4080 1267 4143 ironsioiionemzneqne
1273 4078 1296 4130 id
1304 4091 1346 4144 per
1353 4079 1553 4132 consuetudinem
1559 4082 1727 4146 soium,sedei
1732 4100 1775 4150 per

986 4191 1073 4241 bonnm
1082 4203 1149 4253 spem
1155 4190 1285 4252 oonir'nget.
1316 4190 1356 4240 sie
1368 4191 1393 4239 te
1403 4190 1453 4242 iiim
1460 4191 1535 4253 magn
1546 4191 1738 4257 udmirsbuniur,
1749 4197 1774 4246 ei

986 4301 1050 4347 Deus
1058 4310 1107 4360 prm
1116 4296 1161 4346 iliis
1168 4299 1293 4360 receptum
1301 4296 1408 4357 babebit,
1414 4300 1439 4348 et
1448 4298 1558 4350 homines
1565 4303 1703 4353 eoronnbun
1708 4307 1728 4367 i,
1739 4307 1773 4356 ri·

985 4407 1308 4472 resqueiibereetjucunde.
1340 4407 1773 4479 Quidenimiueritsaevissumumrr

986 4519 1049 4569 mels
1061 4517 1350 4578 eonscieniinliberari,ei
1358 4521 1501 4582 perpetuum
1511 4524 1772 4586 eoncupiseeniiaebei·

986 4632 1195 4693 iumdirimere,ei
1203 4632 1280 4680 mulin
1289 4631 1405 4683 ineiiitnie
1413 4633 1528 4696 insignem
1538 4636 1694 4689 ooniineniiae
1705 4651 1773 4689 coro

985 4757 1042 4795 narn
1057 4744 1170 4806 pieciere,
1179 4745 1203 4792 ei
1212 4741 1377 4794 liberisoeulis
1391 4744 1415 4793 in
1427 4746 1514 4796 erelum
1527 4748 1652 4811 respicere,
1663 4763 1772 4814 puroque
1804 4735 1813 4746 ⁸

986 4867 1046 4904 vose
1057 4856 1080 4903 ei
1090 4852 1163 4903 corde
1175 4853 1304 4903 Dominum
1317 4855 1483 4905 universorum
1495 4857 1623 4907 inuocare?
1634 4858 1719 4908 Nullus
1729 4873 1771 4909 en·

986 4964 1067 5028 prtinus
1076 4964 1174 5025 celenis,
1180 4964 1290 5027 squalore
1299 4967 1324 5014 et
1329 4965 1382 5015 aliis
1388 4978 1511 5015 carcerum
1521 4966 1681 5016 incommodis
1687 4980 1770 5016 exem·

986 5073 1321 5137 ptus,imonuiiusuuieoeeus
1329 5070 1770 5135 emisperiisoeuiis,eirisshsedrdei

986 5185 1080 5237 iueesle
1089 5185 1206 5247 exsuiiai,
1217 5184 1287 5248 gessit
1295 5186 1320 5234 et
1329 5181 1454 5247 tripudiet,
1468 5183 1494 5231 ut
1506 5179 1547 5244 qui
1557 5178 1587 5229 eb
1597 5178 1643 5228 ime
1654 5181 1770 5231 seruitute
