3892 5867
170 360 172 363 ⁴
234 404 293 458 roe
740 400 793 460 un
812 401 993 462 eouuuuu
1015 404 1299 467 aurroeanuuu

1694 422 1750 500 (ιιι,
1763 432 1802 504 ιιι)

229 528 273 588 ἐπὶ
283 530 330 596 τῆς
341 526 466 605 προτέρας
478 527 578 598 ἡλικίας
592 528 758 609 σωφροσύνην
772 533 843 610 αὐτῷ
857 533 948 598 πάντες
959 534 1001 591 λο-
1045 547 1117 595 quam
1132 535 1216 584 'libuli
1228 536 1252 585 θ’
1268 538 1345 599 priore
1364 541 1435 589 &¹³10
1454 542 1607 606 milesium,
1619 539 1662 609 ipsi
1680 557 1800 603 omnesau-

225 613 347 687 Υίζθνῒαῑ·
387 615 661 691 Τῡῧτθδθκαίθμῑῖς
674 620 797 693 ποιῶμεν·
812 617 1000 688 &diffiditis
1043 642 1159 692 scribunt.
1193 648 1243 693 linc
1257 649 1555 709 etnosutiquelactamus
1570 655 1703 706 :ineadcm
1715 672 1800 711 manea.

226 699 344 776 μένωμεν
367 699 517 773 εὑλαόείας,
540 699 582 757 ἵνα
605 701 651 760 καὶ
673 706 718 772 τῆς
740 704 866 781 προτέρας
887 708 1000 775 σπουδῆς

224 787 306 847 πολὺν
326 788 370 846 rtis
393 787 496 847 ἔπαινον
520 788 592 867 παρδι
622 796 668 847 τοῦ
693 793 761 850 Θεοῦ
786 793 997 870 καρπωσάμεθα.

196 876 315 954 εΜυρία
331 877 559 955 προσεδοκήσαμεν
581 879 663 951 δεινδι,
678 880 724 946 τὰς
745 881 830 947 οὐσίας
851 883 998 961 διαρπαγή·

223 968 313 1022 σεσθαι
335 964 448 1032 πάντων,
470 963 504 1021 τδι
525 965 656 1039 οἰκήματα
677 967 906 1045 ἐμπρησθίγσισθαι
929 971 996 1044 μετὰ

223 1054 275 1107 τῶν
290 1048 437 1123 οἰκούντων,
456 1050 503 1123 τὴν
517 1052 591 1110 πόλιν
607 1055 636 1109 ἐκ
651 1051 733 1128 μέσης
750 1055 997 1132 άναρπασθέσεσθαι

222 1139 269 1205 τῆς
296 1136 446 1211 οἰκουμένης
470 1136 514 1195 καί
538 1138 571 1195 τδι
596 1137 717 1216 λείψανα.
741 1141 819 1210 αὐτῆς
843 1143 997 1202 ἀπολεῖσθαι

223 1222 344 1295 ἅπαντα,
358 1223 464 1302 ἄροτρον
479 1225 558 1294 αὑτῆς
572 1224 601 1282 τὸ
617 1224 709 1303 ἔδαφος
723 1224 853 1293 δέξεσθαι·
867 1229 926 1307 ἀλλ’
942 1230 996 1288 ἰδοὺ

182 1327 208 1367 io
223 1316 307 1368 ταῦτα
327 1310 414 1369 πάντα
435 1310 478 1369 έπί
496 1315 542 1381 τῆς
554 1313 710 1390 προσδοκίας
722 1312 784 1383 έστη
804 1314 880 1389 μόνον
898 1316 943 1374 καί
961 1319 996 1381 εἰς

221 1397 294 1475 ἔργον
316 1399 362 1455 οῦκ
376 1393 476 1466 ἐξῆλθε.
519 1397 573 1456 Καὶ
592 1400 620 1455 οὗ
638 1403 713 1456 τοῦτο
729 1398 805 1476 μόνον
818 1403 872 1459 ἐστὶ
887 1399 917 1458 τὸ
933 1406 995 1458 θαυ-

223 1481 332 1556 μαστδν,
351 1482 390 1540 δτι
401 1487 521 1541 τοσοῦτον
535 1482 650 1541 κίνδυνον
666 1484 755 1544 ἔλυσεν
768 1489 781 1542 ὑ
793 1486 874 1559 Θεδς,
887 1490 945 1545 ἀλλ’
956 1487 995 1546 δτι

220 1569 264 1626 καί
283 1569 384 1645 μεγάλα
405 1573 476 1644 ἡμᾶς
497 1567 670 1646 εῦηργέτησε,
690 1571 735 1629 καί
757 1572 804 1642 την
824 1572 898 1632 πόλιν
919 1579 995 1650 ἡμῶν

220 1655 366 1729 ἐκόσμησε,
394 1653 437 1712 καί
462 1653 505 1713 διδ
524 1661 570 1713 τοῦ
593 1664 738 1736 πειρασμοῦ
761 1658 852 1717 τούτου
878 1656 921 1717 καί
948 1665 995 1731 τῆς

180 1754 205 1793 ιε
220 1749 354 1818 συμφορᾶς
380 1739 568 1821 δοκιμωτέρους
598 1744 751 1822 εἰργάσατο·
777 1746 822 1803 καὶ
849 1733 923 1821 nde:
943 1745 995 1824 ἐγὼ

218 1827 297 1903 λέγω.

257 1909 326 1973 Ὅτε
340 1917 365 1971 οἱ
383 1913 455 1993 παρὰ
470 1918 516 1972 τοῦ
532 1915 659 1993 βασιλέως
675 1919 864 1985 ἀποσταλέντες
882 1918 926 1978 inl
943 1919 993 1991 τὴν

218 2000 269 2054 τῶν
281 1998 458 2076 γεγενημένων
473 1998 587 2068 ἐξέτασιν
603 2002 632 2060 τὸ
647 2003 754 2082 φοῦερὺν
769 2007 850 2066 ἐκεῖνο
873 2008 993 2087 συνεκρύ-

217 2108 301 2154 τησαν
319 2085 495 2163 δικαστήριον,
511 2086 555 2145 καὶ
569 2087 667 2155 πάντας
687 2091 729 2149 ἐπὶ
747 2093 792 2160 τίις
812 2091 918 2162 εὐθύνας
940 2099 992 2153 τῶν

176 2182 206 2224 v
220 2171 416 2248 τετολμημένων
427 2172 544 2245 ἐκάλουν,
556 2175 600 2232 καί
614 2176 731 2235 θανάτων
743 2179 870 2258 διαφέρειν
882 2183 993 2258 προσδο-

217 2255 262 2313 κία
276 2266 356 2314 πᾶσιν
372 2248 414 2331 ἦν,
432 2256 490 2320 τότε
509 2262 532 2317 οἰ
549 2259 595 2326 τὰς
609 2263 753 2342 ἀκρωρείας
771 2269 822 2322 τῶν
844 2267 924 2344 ὀρέων
944 2290 992 2326 κα·

216 2348 357 2408 τοικοῦντις
370 2342 479 2421 μοναχοί
489 2344 536 2416 τὴν
548 2347 644 2406 οἰκείαν
656 2350 819 2417 ἐπεδείξαντο
830 2353 990 2434 φιλοσοφίαν.

215 2422 308 2486 'Eccos
319 2428 369 2506 γάρ
382 2429 511 2497 τοσούτοις
527 2435 553 2489 ἐν
567 2442 623 2499 ταῖς
637 2439 735 2494 ἑαυτῶν
753 2438 879 2506 καλύὺαις
899 2463 991 2520 συγκε-

215 2513 362 2589 κλεισμένοι
369 2559 379 2585 ,
393 2517 492 2584 οὐδενὸς
504 2519 748 2598 παρακαλέσαντος,
760 2526 859 2591 οὐδενὸς
877 2528 992 2600 συμόου·

175 2612 202 2653 αυ
216 2599 369 2673 λεύσαντος,
381 2603 469 2673 ἐπειδὴ
481 2609 602 2664 τοσοῦτον
614 2606 687 2684 νέφος
699 2602 765 2668 εἰδον
785 2610 833 2681 τὴν
847 2612 921 2672 πόλιν
935 2638 990 2672 πε·

217 2686 390 2763 ριιστάμενον,
407 2691 593 2757 καταλιπόντες
608 2696 692 2752 αὑτῶν
706 2696 738 2754 τὰ
751 2698 869 2767 σπήλαια
882 2701 926 2758 καί
945 2700 991 2766 τδς

216 2774 316 2845 σκηνὰς
333 2775 458 2834 πάντοθεν
481 2778 662 2860 συνέρρευσαν,
686 2783 804 2862 καθάπερ
828 2786 854 2853 ἐξ
869 2788 990 2866 ὀύρανοῦ

213 2883 280 2926 τινες
295 2860 398 2938 άγγελοι
418 2866 638 2942 παραγενόμενοι·
652 2870 697 2927 καὶ
717 2863 748 2941 ἦν
769 2874 832 2929 ἰδεῖν
846 2873 893 2943 τὴν
913 2874 990 2932 πόλιν

214 2947 327 3008 ἰοικυίαν
346 2950 446 3029 οὐρανῷ
465 2951 539 3027 τότε,
559 2960 694 3032 πανταχοῦ
714 2960 764 3015 τῶν
786 2958 867 3035 ὑγίαιν
887 2960 989 3018 ἐκείνων

174 3052 202 3090 το
215 3034 383 3113 φαινομένων,
396 3037 441 3095 καὶ
461 3039 512 3096 άπὸ
526 3045 572 3111 τῆς
585 3041 666 3119 ὄψεως
678 3041 754 3118 μόνον
767 3047 989 3125 παρακαλούντων

213 3121 272 3188 τοὺς
285 3124 457 3199 δδυνωμένους
469 3128 587 3204 καὶπρὸς
601 3139 688 3187 πᾶσαν
700 3133 842 3212 ὑπεροψίαν
856 3145 990 3213 συμφορᾶς

214 3208 340 3285 ἀγόντων.
381 3212 428 3278 Τίς
448 3212 498 3290 γδρ
513 3205 581 3271 Ιἰδὼν
597 3216 707 3283 ἐκείνους
720 3220 768 3276 οὐκ
782 3218 813 3277 διν
828 3222 988 3297 κατεγέλασε

213 3295 339 3367 θανάτους
353 3298 399 3353 οὐκ
413 3296 444 3354 διν
458 3302 573 3377 ὑπερεῖδε
586 3305 667 3374 ζωῆς
680 3305 720 3362 Ού
735 3308 849 3366 τοῦτοδὲ
868 3308 944 3381 μόνον
957 3300 987 3381 ἦν

213 3380 243 3437 τὸ
257 3383 415 3457 θαυμαστὸν,
425 3386 482 3442 ἄλλ’
494 3383 533 3442 δτι
544 3385 589 3443 καί
601 3388 653 3453 τοῖς
666 3389 787 3468 ἄρχουσιν
803 3393 887 3455 αὐτοῖς
899 3392 968 3471 προσ
976 3428 987 3436 ·

173 3478 199 3518 ⁸⁵
213 3466 326 3534 ελθόντες
340 3467 407 3544 μετὰ
425 3470 572 3548 παρρησίας
593 3472 760 3553 διελέχθησαν
771 3476 835 3555 ὑπὲρ
847 3483 898 3536 τῶν
909 3481 988 3537 ὑπευ-

213 3551 307 3626 θύνων,
323 3554 367 3612 καί
381 3555 410 3612 τδ
423 3547 487 3628 αἷμα
500 3560 723 3635 παρεσκευάζοντο
735 3562 828 3630 πάντες
843 3567 927 3642 ἐκχεῖν
941 3567 986 3624 καί

212 3641 258 3708 τδις
271 3640 384 3719 κεφαλάς
399 3641 554 3714 ἀποθέσθαι,
568 3643 635 3702 ὥστε
647 3644 704 3712 τοὺς
722 3646 831 3714 ἁλόντας
844 3654 894 3707 τῶν
905 3675 986 3729 προσ·

212 3728 365 3802 δοκωμένων
382 3727 526 3805 ἐξαρπάσαι
549 3732 648 3790 δεινῶν·
671 3732 777 3791 καὶούκ
797 3733 895 3810 ἔφησαν
916 3740 985 3795 ἀπο·

212 3814 353 3883 στήσεσθαι
364 3815 497 3891 πρότερον,
508 3814 556 3882 έως
567 3814 597 3873 ἂν
609 3817 626 3887 ἢ
641 3817 779 3896 φείσωνται
790 3827 835 3878 τοῦ
847 3822 930 3898 δήμου
939 3828 986 3895 τῆς

172 3913 199 3951 ¹⁰
212 3902 310 3966 πόλεως
332 3903 355 3959 οἱ
377 3900 564 3975 δικάζοντες,ἰς
583 3908 656 3982 κοινῇ
676 3905 743 3979 μετὰ
764 3911 816 3965 τῶν
839 3910 985 3969 καταδίκων

211 3988 274 4064 πρὸς
299 3988 409 4063 βασιλέα
430 3988 564 4069 πέμψωσι.
606 3992 754 4070 Θεοφιλὴς,
775 3994 862 4071 φησὶν,
883 3997 985 4056 ε’στίνὺ

210 4077 311 4150 κρατῶν
324 4078 370 4144 τῆς
381 4078 437 4132 καθ’
449 4081 518 4151 ἡμᾶς
529 4076 696 4152 οἰκουμένης,
706 4079 811 4154 πιστὸς,
826 4083 852 4138 ἐν
867 4083 984 4163 εὗσεῦείφι

180 4213 184 4220 .
211 4163 271 4226 ζῶν·
285 4164 360 4234 ἡμεῖς
372 4153 414 4219 οῦν
427 4163 503 4220 αὑτὸν
520 4165 716 4240 καταλλάξομεν
731 4168 848 4234 πάντως·
861 4170 908 4227 οὐκ
924 4173 984 4228 ἐπι-

210 4248 337 4325 τρέψομεν
348 4248 408 4324 ὑμῖν
422 4248 480 4306 οὑδὲ
495 4250 697 4325 συγχωρήσομεν
714 4253 822 4328 αἱμάξαι
838 4253 905 4333 ξίφος
925 4258 983 4315 οὐδὲ

171 4344 196 4381 tx
211 4335 350 4406 ἀποτεμεῖν
364 4335 489 4413 κεφαλήν.
531 4338 564 4395 Εἰ
576 4336 601 4394 δὲ
617 4337 653 4412 μθ,
668 4338 837 4418 ἀνάσχοισθε,
852 4342 895 4398 καὶ
911 4346 984 4417 ἡμεῖς

1044 761 1098 795 mus
1110 750 1253 808 reuerentia,
1265 753 1292 800 ut
1302 756 1327 800 et
1336 754 1421 815 prioris
1432 756 1503 805 studii
1515 758 1610 808 laudem
1623 763 1717 813 multam
1730 779 1743 814 a
1757 771 1801 816 [teo

1042 856 1172 918 capiamus.
1205 860 1334 907 innumera
1347 863 1537 921 exspectavimus
1548 866 1623 926 mala,
1637 871 1738 920 omnium
1754 876 1801 925 snb·

1041 964 1272 1027 stantiasdireptum,
1286 967 1420 1018 habitacula
1432 983 1487 1020 cum
1497 972 1656 1024 habitantibus
1665 979 1799 1030 combustum

1041 1066 1083 1127 iri,
1096 1068 1217 1118 ciuitatem
1229 1070 1307 1120 medio
1318 1085 1348 1121 ex
1360 1074 1419 1124 orbe
1435 1076 1569 1140 sublatum,
1582 1083 1607 1129 el
1620 1081 1691 1143 ipsius
1702 1086 1800 1148 reliquias

1041 1192 1123 1228 omues
1138 1180 1267 1244 perituras,
1282 1156 1388 1233 aratrum
1402 1185 1476 1248 ipsius
1486 1189 1565 1239 solnm
1575 1196 1750 1256 susceptumur;
1764 1198 1799 1246 sed

1040 1300 1095 1337 ecce
1110 1287 1161 1337 lraec
1172 1290 1252 1339 omnia
1265 1292 1327 1340 intra
1336 1297 1537 1356 exspectationem
1548 1303 1640 1350 tantum
1649 1305 1768 1364 steterunt,
1778 1308 1799 1354 el

1039 1394 1064 1444 in
1077 1409 1137 1457 opus
1150 1411 1197 1447 non
1210 1405 1384 1462 processerunt.
1415 1407 1465 1456 uec
1476 1407 1521 1457 troc
1533 1410 1611 1458 solum
1622 1413 1657 1460 esl
1668 1413 1796 1474 mirandum,

1039 1503 1104 1563 quod
1124 1506 1217 1554 tantum
1238 1509 1336 1570 periculi
1358 1515 1422 1562 Deus
1436 1514 1541 1577 depulit,
1554 1517 1596 1567 sed
1610 1520 1679 1569 etiam
1699 1522 1797 1583 quoniam

1039 1613 1131 1672 magnis
1142 1626 1186 1664 nos
1196 1616 1276 1667 allecti
1290 1618 1422 1684 beneflciis,
1432 1626 1456 1672 el
1465 1625 1587 1675 ciuitatem
1596 1629 1697 1677 nostram
1708 1632 1796 1690 ornarit,

1039 1731 1130 1781 nosque
1144 1735 1185 1783 per
1199 1723 1260 1773 bane
1275 1727 1429 1779 tentationem
1447 1733 1471 1779 et
1491 1732 1650 1784 calamitatem
1668 1735 1797 1797 probatiores

1038 1825 1124 1875 eliecit.
1158 1831 1212 1886 Quo
1224 1844 1281 1878 xero
1292 1835 1377 1895 pacto,
1391 1848 1435 1895 ego
1449 1836 1537 1885 dicam.

1068 1937 1168 1993 Quando
1178 1939 1209 1987 ab
1218 1942 1362 2003 imperatore
1372 1944 1436 1994 missi
1447 1945 1477 1994 ad
1489 1949 1672 2000 commissorum
1682 1952 1796 2015 inquisitio-

1037 2051 1092 2088 nem
1107 2041 1256 2092 tremeudum
1266 2044 1324 2095 illud
1337 2048 1481 2098 constituere
1491 2049 1628 2113 judicium,
1642 2069 1759 2118 omnesque
1769 2058 1794 2105 arl

1036 2157 1150 2195 ausonam
1171 2160 1254 2209 poerras
1268 2151 1398 2212 vocabant,
1409 2159 1434 2202 et
1450 2156 1516 2204 varia
1536 2129 1620 2207 mortis
1632 2159 1736 2208 omnibus
1752 2162 1795 2209 erat

1035 2250 1191 2311 exspectatio,
1211 2254 1269 2301 tuna
1287 2256 1386 2304 vertices
1403 2259 1520 2308 montium
1545 2260 1676 2312 habitantes
1697 2265 1793 2312 rrronacbi

1036 2356 1155 2416 propriam
1166 2357 1293 2408 exhibuere
1307 2360 1487 2424 philosophiam.
1519 2368 1632 2430 Namque
1651 2369 1685 2416 tol
1701 2368 1793 2417 annisis

1035 2460 1143 2508 cavernis
1160 2461 1209 2509 suis
1229 2464 1348 2523 conclusi,
1359 2468 1454 2515 nemine
1466 2468 1618 2532 advocante,
1636 2472 1741 2522 suadente
1758 2485 1791 2521 ne

1036 2564 1112 2624 mine,
1127 2568 1253 2628 postquam
1269 2569 1356 2618 unbem
1372 2572 1463 2620 lautam
1477 2573 1600 2625 rzirltatenx
1620 2578 1792 2626 circumstantem

1035 2669 1159 2731 uiderunt,
1175 2673 1199 2720 et
1209 2673 1335 2734 speluncas
1348 2679 1371 2726 el
1385 2677 1539 2729 tabernacula
1557 2695 1601 2730 sna
1611 2682 1791 2745 derelinquentes,

1035 2772 1140 2835 undique
1152 2775 1333 2836 continuerunt,
1347 2780 1412 2828 uelut
1428 2783 1505 2843 angeli
1519 2785 1620 2845 quidam
1636 2786 1665 2835 de
1679 2786 1731 2834 mlo
1745 2799 1791 2847 pro·

1035 2874 1088 2923 ier-ll
1102 2894 1108 2925 ι
1122 2878 1146 2926 et
1163 2884 1213 2927 erat
1235 2892 1330 2929 cernere
1347 2885 1403 2932 lunc
1423 2883 1548 2935 civitatem
1568 2888 1669 2937 similem
1690 2887 1790 2937 redditam

1034 2977 1106 3037 calo,
1126 2993 1182 3029 cunr
1197 2981 1284 3045 ubique
1296 2989 1448 3036 occurrerent
1459 2987 1492 3035 illi
1503 2992 1583 3039 sancti
1603 2992 1639 3041 rel
1658 3006 1687 3041 ex
1704 2994 1789 3052 aspectu

1034 3083 1085 3133 solo
1097 3084 1179 3135 dolore
1191 3099 1283 3148 pressos
1297 3090 1459 3153 consolantes,
1470 3094 1497 3142 et
1510 3094 1543 3142 nd
1557 3108 1650 3147 omnem
1665 3097 1788 3145 calamitatis

1033 3190 1179 3239 contemtum
1190 3192 1335 3244 inducentes.
1346 3197 1405 3253 Quis
1413 3198 1475 3247 enim
1487 3199 1541 3248 illos
1550 3201 1693 3264 conspicatus
1702 3205 1788 3250 morters

1032 3307 1079 3342 non
1091 3295 1224 3359 derisisset,
1234 3312 1281 3348 nou
1294 3299 1440 3361 despexisset
1450 3304 1522 3352 rrum
1532 3309 1544 3354 i
1555 3309 1605 3356 Nec
1616 3306 1660 3356 boc
1669 3307 1788 3354 seiunxerat

1032 3395 1151 3457 mirabile,
1167 3398 1207 3446 sed
1220 3400 1286 3461 quod
1302 3401 1332 3449 ad
1349 3404 1465 3467 principes
1476 3405 1544 3468 ipsos
1557 3412 1690 3460 accedentes
1705 3424 1752 3458 cum
1763 3411 1785 3456 i·

1031 3497 1099 3548 dacia
1111 3500 1269 3562 loquebantur
1279 3516 1322 3564 pro
1334 3503 1394 3566 reli,
1405 3509 1429 3556 et
1437 3520 1522 3559 omnes
1536 3515 1670 3575 sanguinem
1681 3511 1785 3562 suariae

1031 3603 1105 3664 parati
1116 3607 1198 3665 erant,
1211 3609 1236 3655 et
1244 3609 1320 3669 capita
1332 3609 1463 3672 deponere,
1477 3616 1505 3663 nt
1517 3619 1601 3678 captos
1614 3618 1644 3666 ab
1662 3606 1784 3678 exspectatis

1030 3706 1222 3757 tribulationibus
1232 3711 1350 3771 eriperent
1364 3732 1369 3762 ι
1382 3715 1405 3763 et
1421 3714 1534 3767 dixerunt
1549 3733 1575 3766 se
1589 3733 1635 3769 nou
1649 3722 1709 3782 prius
1719 3732 1782 3768 reses·

1029 3822 1111 3869 suros,
1124 3824 1197 3871 quam
1209 3811 1300 3872 judices
1314 3820 1437 3876 parcerent
1454 3821 1544 3881 populo
1556 3822 1633 3882 urbis,
1648 3823 1682 3872 rel
1693 3835 1715 3870 ee
1725 3821 1782 3868 simul

1029 3925 1083 3960 curru
1099 3915 1143 3962 reis
1166 3914 1196 3964 ad
1220 3920 1386 3979 imperatorem
1408 3921 1496 3982 legatos
1511 3925 1641 3976 mitterent
1671 3925 1783 3986 Religiosus

1028 4021 1078 4078 est,
1102 4021 1193 4082 inquit,
1215 4023 1257 4084 qui
1279 4028 1360 4074 nostro
1389 4026 1441 4076 orbi
1467 4028 1614 4090 dominatur,
1637 4031 1717 4090 ideis,
1736 4041 1781 4076 euru

1028 4125 1113 4187 pietate
1125 4128 1209 4178 virens
1221 4147 1228 4177 ι
1241 4143 1287 4179 nos
1299 4132 1370 4192 igitur
1381 4133 1458 4194 ipsum
1472 4137 1573 4185 omnino
1585 4136 1781 4191 renonciliaiinm

1027 4242 1074 4277 nou
1087 4232 1251 4289 permittemus
1261 4234 1328 4282 robis
1342 4249 1419 4297 neque
1430 4239 1588 4290 mecedemus
1597 4255 1674 4290 ensem
1683 4239 1781 4300 sanquine

1028 4338 1145 4400 polluere,
1160 4353 1205 4389 uec
1218 4342 1290 4390 ullius
1304 4342 1441 4394 abscindere
1450 4351 1530 4409 caput
1564 4351 1587 4398 Si
1598 4364 1653 4401 xero
1664 4363 1706 4397 non
1719 4346 1780 4395 absti-

210 4420 268 4486 μετ’
288 4419 373 4475 αὐτῶν
399 4421 595 4496 ἀποθανούμεθα
619 4424 733 4489 πάντως.
776 4427 853 4486 Δεινὰ
881 4428 928 4503 μέν
950 4432 983 4488 τά

209 4503 405 4577 τετολμημένα,
418 4507 463 4563 καὶ
478 4511 552 4579 ἡμεῖς
568 4513 753 4586 ὁμολογοῦμεν,
768 4513 825 4570 ἀλλ’
839 4518 887 4593 οὐχ
902 4519 981 4594 ὑπερ-

210 4590 293 4649 ῦαίνει
305 4589 351 4662 τὴν
366 4599 410 4650 τοῦ
426 4595 551 4670 βασιλέως
564 4600 757 4677 φιλανθρωπίαν
774 4607 790 4671 ἡ
808 4605 859 4659 τῶν
876 4626 982 4679 γεγενη-

210 4677 294 4754 μένων
308 4680 468 4758 παρανομία.
511 4683 622 4759 Λέγεταί
636 4708 675 4750 τις
689 4686 714 4752 ἐξ
728 4688 810 4744 αὑτῶν
830 4689 874 4745 καὶ
895 4687 981 4767 ἕτερον

168 4790 196 4830 ω
210 4770 282 4846 ῥῆμα
295 4766 374 4841 γέμον
392 4768 542 4845 φιλοσοφίας
560 4773 647 4841 εἰπεῖν,
661 4770 699 4829 δτι
713 4775 748 4831 Οἱ
770 4772 817 4847 μέν
835 4774 982 4852 ἀνδριάντες

208 4856 231 4911 οἰ
245 4852 438 4931 κατενεχθέντες
453 4853 598 4926 ἀνέστησαν
612 4858 689 4914 πάλιν
703 4859 746 4916 καὶ
760 4860 790 4917 τὸ
803 4862 894 4918 οἰκεῖον
915 4864 981 4920 ἀπέ-

208 4939 288 4998 tado
300 4947 409 5020 σχῆμα,
422 4939 466 4999 καί
477 4940 507 4998 τὸ
516 4942 685 5018 γεγενημένον
703 4945 835 5023 διόρθωσιν
853 4946 914 5025 ἔσχε
935 4972 982 5005 τα-

207 5027 311 5104 χίστην·
326 5033 398 5105 ὑμεῖς
410 5028 432 5086 δ’
444 5027 488 5086 ε’διν
501 5031 545 5085 τοῦ
557 5030 626 5087 Θεοῦ
641 5028 688 5099 τὴν
704 5033 789 5089 εἰκόνα
802 5033 981 5112 ἀποκτείνητε,

208 5117 263 5180 πῶς
274 5114 412 5186 δυνήσεσθε
426 5116 504 5174 πάλιν
517 5114 728 5176 ἀνακαλέσασθαι
741 5119 771 5177 τὸ
791 5123 982 5197 πεπλημμελη-

1027 4442 1117 4503 neatis,
1129 4445 1154 4492 et
1169 4456 1213 4491 uos
1224 4457 1280 4494 cum
1293 4446 1350 4508 ipsis
1363 4449 1461 4499 omniuo
1477 4435 1614 4503 moriemur.
1644 4453 1724 4502 Gravia
1735 4451 1778 4512 qui·

1026 4538 1081 4588 deur
1093 4541 1184 4602 patrata
1197 4545 1268 4604 suut,
1284 4546 1309 4593 el
1324 4558 1368 4595 nos
1381 4548 1531 4610 conlitemur,
1542 4552 1583 4601 sed
1595 4549 1735 4612 imperatoris
1743 4548 1777 4594 lrn·

1026 4640 1164 4688 manitatem
1173 4655 1220 4689 non
1230 4643 1323 4692 excedit
1334 4649 1455 4706 gestorum
1466 4650 1586 4711 iniqnitas.
1602 4653 1688 4700 Dicitur
1694 4647 1776 4710 qnidam

1026 4740 1134 4800 ipsorum
1147 4740 1322 4802 [Macedonium
1340 4747 1490 4812 monoclero]
1504 4751 1567 4799 atiud
1582 4752 1676 4800 restrum
1688 4748 1776 4810 pbiloso-

1026 4837 1088 4899 plriue
1109 4840 1205 4901 plenum
1225 4841 1312 4893 dixisse
1330 4863 1337 4892 ι
1357 4847 1448 4899 Slatuae
1469 4848 1565 4911 quidem
1582 4850 1674 4910 deJectoe
1698 4855 1775 4895 turtum

1026 4941 1110 4989 erectas·
1124 4941 1233 5004 luerunt,
1243 4947 1267 4992 et
1277 4946 1394 5005 propriam
1406 4950 1544 5009 receperunt
1554 4949 1663 5006 termam,
1671 4944 1774 4995 clodum

1026 5040 1196 5088 correctionem
1210 5039 1294 5092 habuit
1314 5043 1477 5107 celerrimam
1493 5046 1513 5094 xi
1528 5048 1606 5094 autem
1622 5057 1662 5091 ros
1675 5041 1712 5090 Dei
1723 5040 1772 5085 inu·

1026 5137 1104 5198 giuem
1125 5137 1277 5200 occideritis,
1291 5141 1413 5202 quomodo
1436 5156 1529 5193 rursum
1549 5141 1650 5206 poteritis
1667 5137 1771 5202 „wrm
