3892 5867
150 395 275 470 ονυιι

146 530 239 585 ποτῶν
248 525 295 586 καί
305 524 395 585 σιτίων
403 524 591 600 κεκωλυμένων
598 526 755 605 ἁπτόμενοι,
765 530 869 611 μακροίν
878 556 937 591 τινα

148 617 198 673 καὶ
217 613 411 694 χαλεπωτάτην
432 614 531 679 ἑαυτοῖς
553 614 704 693 ἐργάζονται
725 617 809 677 νόσον.
852 620 899 678 Δεῖ
911 618 937 677 δὲ

147 703 210 769 τούς
232 702 397 780 ὑγιαίνοντας
417 703 464 760 οὖα
484 702 536 759 ἀπὸ
554 705 606 760 τῶν
628 703 770 762 νοσούντων
792 705 937 782 λαμόαίνειν

147 792 198 858 τάς
211 792 334 871 περὶτῶν
346 789 511 869 πραγμάτων
524 788 637 870 ψόφους·
649 790 720 865 ἐπεὶ,
734 795 756 850 εἰ
765 792 863 859 τούτοις
876 794 936 874 ἑψό-

119 884 240 954 ιμεθα,
260 878 306 936 καὶ
324 881 443 956 ἰατρικῆς
463 877 509 936 καὶ
530 878 680 958 ριλοσορίας
700 881 934 960 καταγνωσόμεθα.

146 965 220 1024 Οὐδὲ
236 965 288 1042 γάρ
307 967 497 1044 intraposita,
513 966 572 1024 οὐδὲ
587 969 630 1025 ἐπὶ
643 972 782 1046 γυναικῶν,
796 976 873 1028 τοῦτο
887 970 938 1028 ποί·

149 1076 250 1132 σχουσι
264 1053 359 1130 μόνον,
381 1053 449 1112 ἀλλά
470 1053 517 1110 καὶ
538 1055 582 1112 ἐπὶ
603 1055 748 1135 χρημάτων
770 1057 816 1115 καλ
830 1058 873 1115 ἐπὶ
887 1063 938 1117 τῶν

150 1143 243 1199 ἄλλων
266 1141 389 1199 ἁπάντων
404 1144 427 1199 οἱ
449 1139 483 1198 τά
504 1146 613 1199 τοιαῦτα
632 1149 776 1210 νοσοῦντες.
820 1145 875 1205 Καὶ
889 1146 938 1226 γάρ

149 1232 175 1288 οἱ
187 1229 294 1309 περὶτὰ
308 1228 436 1308 χρήματα
447 1228 607 1305 μεμηνότες,
619 1229 713 1296 εἰδότες
725 1231 764 1289 ὅτι
776 1234 799 1291 οἱ
811 1231 845 1290 τὰ
857 1234 938 1313 μικρά

107 1332 135 1370 ro
150 1321 238 1374 ταῦτα
261 1320 372 1375 ἐνταῦθα
394 1316 534 1395 προέμενοι
557 1320 609 1382 τοῖς
633 1317 765 1394 δεομένοις
787 1320 867 1399 μυρία
886 1323 939 1379 ἐκεῖ

148 1405 283 1485 λήψονται
295 1405 397 1482 ἀγαθὰ,
412 1403 567 1484 κατέχουσιν
582 1404 655 1481 όμως
670 1405 737 1470 atre
753 1406 798 1464 καί
812 1408 938 1487 κατορύτ-

149 1516 245 1563 τουσι,
266 1493 312 1549 καὶ
333 1491 439 1548 πάντων
461 1493 580 1549 ἐκπεσεῖν
609 1496 743 1571 αἱροῦνται
763 1499 815 1552 τῶν
835 1498 939 1572 ἀγαθῶν

151 1582 258 1654 μᾶλλον
271 1578 313 1637 hl
327 1577 375 1649 τῆν
394 1577 498 1658 ψυχρόν
512 1577 613 1650 ταύτην
628 1579 674 1636 καλ
690 1583 815 1659 βραχεῖαν
828 1581 937 1658 ἡδονὴν,

149 1669 169 1739 ἢ
185 1673 234 1739 τῆς
252 1666 357 1726 αἰωνίου
371 1668 502 1732 κολοίσεως
519 1670 720 1745 ἀπαλλαγῆναι,
742 1669 787 1726 καί
803 1670 850 1739 τὴν
869 1672 939 1729 ἀθό-

108 1768 135 1808 Ιὸ
150 1778 231 1814 νατον
243 1753 435 1836 καρπώσασθαι
451 1753 535 1825 ζωὴν,
551 1755 593 1811 διὰ
607 1760 653 1825 τῆς
668 1756 827 1834 προσκαίρου
840 1758 938 1816 τούτοιν

150 1843 311 1922 ὑπεροψίας.
353 1844 439 1901 'soors
450 1841 483 1913 δὴ
495 1841 540 1899 καί
551 1834 621 1900 οὗτοι
631 1844 763 1921 πάσχουσι
772 1892 779 1916 ,
789 1850 835 1914 τῆς
845 1854 939 1923 μικρᾶς

150 1930 253 2000 ταύτης
268 1929 408 2004 ἐπιθυμίας
423 1931 469 1998 τῆς
486 1926 528 1984 hi
551 1930 602 1984 τῶν
621 1930 762 2007 ἀρθαλμῶν
778 1933 824 1988 οὐκ
845 1932 938 2010 ἀνεχό·

149 2041 227 2094 μενοι
237 2016 328 2095 μικρὸν
337 2013 443 2080 ἑαυτούς
456 2018 616 2088 ἀποστῆσαι,
625 2018 754 2096 ἀρόρητον
768 2021 869 2084 ἑαυτοῖς
882 2041 938 2077 συν-

150 2109 248 2184 άγουσι
265 2111 330 2185 πῦρ·
355 2104 401 2162 καὶ
420 2102 525 2183 όσιρπερ
547 2102 578 2161 ἀν
598 2105 738 2182 νομίζωσιν
757 2105 882 2177 ἥδεσθαι,
895 2128 938 2164 το·

105 2214 135 2252 το
150 2195 240 2273 τούτῳ
258 2196 358 2270 μᾶλλον
383 2191 559 2268 ἐμπλέκονται
575 2194 613 2271 τῷ
634 2198 722 2273 κακῷ,
747 2199 792 2252 τοῦ
817 2193 939 2251 διαόόλου

149 2288 230 2340 τοῦτο
249 2280 448 2360 τεχνασαμένου
463 2279 528 2358 πρὸς
548 2278 596 2350 τῆν
615 2279 771 2361 παραμονὴν
785 2286 831 2351 τῆς
846 2280 940 2360 φλογὸς

150 2372 201 2430 καί
212 2371 343 2441 ἐπίδοσιν,
355 2367 412 2425 ὅθεν
422 2369 555 2444 καιόμενοι
565 2367 611 2425 καὶ
623 2367 731 2438 ἥδονται
742 2369 787 2427 καὶ
801 2371 937 2445 ἀλγοῧσιν,

149 2459 252 2516 ἄτοπόν
274 2479 332 2513 τινα
352 2463 444 2535 κρᾶσιν
462 2457 488 2512 ἔν
514 2462 570 2521 ταῖς
593 2458 695 2512 ἑαυτῶν
719 2456 940 2535 καταρυτεύοντες

147 2551 261 2626 1ρυχαῖς.

105 2657 134 2696 τε
197 2637 231 2694 Εἰ
245 2631 273 2691 δέ
285 2656 322 2699 τις
343 2633 418 2707 ῆμῶν
431 2628 561 2709 ἀκρασίαν
575 2629 627 2687 ἀπὸ
639 2628 737 2689 τούτοιν
748 2629 939 2708 καττιγινόισκει

147 2727 203 2781 τῶν
219 2721 347 2802 ῥημάτων
362 2717 440 2795 (τούς
459 2717 511 2797 γάρ
526 2718 658 2793 γενναίους
678 2718 772 2799 ἄνδρας
785 2720 830 2778 καὶ
840 2721 939 2799 γυναιξί

149 2816 337 2876 συνοικοῦντας
359 2807 439 2885 μηδὲν
463 2809 577 2885 πάσχειν
598 2805 720 2883 δεινόν),
740 2810 878 2888 μακαρίζω
892 2811 939 2887 μὲν

148 2901 210 2966 τοὺς
225 2897 371 2970 τοιούτους,
388 2896 434 2954 κτλ
456 2896 598 2973 βουλοίμην
613 2894 644 2954 ἂν
658 2896 703 2954 καὶ
721 2896 797 2964 αὐτὸς
810 2897 939 2971 τοσαύτην

150 2987 248 3045 λαθεῖν
271 2984 363 3063 ἰσχύν·
382 2983 427 3040 καλ
446 2983 510 3048 ἴσοις
528 2982 576 3059 μὲν
599 2982 644 3041 καί
663 2983 739 3051 αὐτὸς
759 2986 882 3063 πείθομαι
900 2986 939 3046 ότι

108 3097 136 3136 ao
151 3073 263 3134 δυνατόν
289 3065 356 3130 εἶναι
373 3070 503 3136 τοιούτους
524 3069 611 3136 τινός·
628 3069 774 3149 ἐόουλόμην
786 3073 812 3131 δὲ
824 3073 868 3132 καλ
881 3075 940 3143 τοὺς

149 3165 330 3241 ἐγκαλοῦντας
349 3160 414 3235 ἡμῖν
436 3160 577 3228 δυνηθῆναι
601 3165 692 3215 πεῖσαι
713 3165 804 3237 τοῦτο,
827 3161 867 3219 ότι
885 3162 939 3230 νέος

149 3253 269 3332 σρριγῶν
284 3252 321 3329 τῷ
336 3247 452 3323 σώματι,
466 3245 531 3327 κόρη
545 3250 670 3305 συνοικῶν
683 3247 804 3328 παρθένῳ
818 3249 863 3306 καὶ
876 3273 938 3326 συγ·

149 3340 300 3414 καθήμενος
319 3337 365 3395 καὶ
392 3338 551 3393 συνδειπνῶν
571 3334 617 3393 καὶ
645 3337 877 3413 συνδιαλεγόμενος
904 3342 937 3398 δι’

150 3431 254 3505 ἡμέρας
268 3460 308 3470 -
331 3427 383 3482 τῶν
404 3423 454 3504 γὰρ
477 3422 564 3486 ἄλλων
588 3424 660 3481 οὐδὲν
679 3427 859 3505 προστίθημι,
881 3427 939 3495 τοὺς

113 3537 139 3572 το
154 3515 281 3594 ἀκαίρους
304 3511 421 3590 γέλωτας
440 3509 485 3569 καὶ
502 3509 547 3577 τάς
568 3511 703 3591 διαχύσεις
717 3513 762 3571 καὶ
776 3513 809 3571 τά
830 3516 939 3590 μαλακά

153 3606 278 3680 λήματα,
292 3600 338 3658 καί
348 3599 380 3657 adr
391 3600 477 3672 ἀλλα,
497 3599 514 3656 ἀ
529 3599 595 3677 μηδὲ
607 3602 690 3679 λέγειν
703 3601 764 3668 ἴσως
774 3603 867 3660 καλόν·
881 3604 940 3662 ἀλλ’

152 3673 194 3751 ότι
214 3691 262 3760 τὴν
279 3689 359 3759 αὐτὴν
377 3687 445 3768 ἔχων
461 3686 555 3761 οἰκίαν,
571 3689 616 3746 καλ
637 3689 767 3768 τραπέζης
791 3690 836 3749 καὶ
855 3691 937 3769 λόγοιν

152 3784 295 3848 κοινωνῶν,
307 3778 352 3837 καὶ
364 3779 432 3853 μετὰ
441 3778 590 3857 παρρησίας
599 3779 697 3849 πολλῆς
705 3779 749 3836 καί
763 3780 938 3856 μεταλαμόοί-

154 3895 205 3928 νων
218 3870 324 3925 πολλῶν
343 3865 389 3924 καὶ
412 3864 579 3942 μεταδιδοὺς,
598 3866 682 3923 οὐδενὶ
697 3869 748 3925 τῶν
771 3866 939 3946 ἀνθρωπίνων

111 3977 138 4014 ιο
153 3961 307 4028 ἁλίσκεται,
325 3955 394 4012 ἀλλά
412 3953 523 4033 καθαρὸς
543 3953 681 4029 ἐπιθυμίας
693 3978 720 4012 τε
736 3953 808 4030 μένει
822 3965 938 4036 πονηρᾶς

152 4048 198 4107 καί
222 4047 332 4117 ἡδονῆς
349 4042 496 4117 έάουλόμην
514 4047 598 4100 ταῦτα
620 4041 745 4101 δύνασθαι
766 4043 863 4102 πείθειν
881 4044 939 4111 τοὺς

151 4135 329 4212 ἐγκαλοῦντας
348 4134 421 4206 ἡμῖν,
439 4129 498 4187 ἀλλ’
515 4132 563 4187 οιίκ
578 4130 694 4188 ἐθέλουσι
708 4129 857 4203 πείθεσθαι,
871 4132 938 4190 ἀλλά

152 4225 199 4282 καί
219 4224 296 4296 ἡμῶν
309 4221 361 4276 τῶν
384 4224 468 4276 ταῶτα
492 4220 709 4296 ἀπολογουμένων
722 4219 888 4278 καταόοῶσιν
903 4224 939 4288 ὡς
961 4241 964 4270 ⁵

154 4309 346 4387 ἀναισχύντων,
363 4305 408 4362 καλ
422 4303 455 4362 adr
471 4305 537 4363 αιίτά
554 4306 696 4364 νοσούντων
709 4308 808 4380 αὐτοῖς,
829 4308 874 4366 καὶ
891 4308 938 4380 τῆν
961 4341 964 4360 ι

113 4418 139 4457 ⁴5
154 4398 252 4456 οἰκείαν
278 4392 499 4474 περιστελλόντοιν
515 4394 622 4454 κακίαν.
668 4395 722 4454 Καὶ
737 4394 763 4453 τί
781 4401 863 4453 ταῦτα
876 4397 940 4476 πρὸς

154 4492 240 4563 ἡμᾶςς
252 4487 347 4565 φησίν
360 4481 418 4540 οιίἀὲ
433 4482 483 4562 γάρ
498 4487 544 4552 τῆς
560 4483 655 4556 ἐτέρων
670 4483 756 4550 ἀνοίας
773 4486 849 4560 ἡμεῖς
859 4489 936 4543 ὑπευ-

155 4573 240 4646 θυνοι,
256 4571 315 4631 οὐδὲ
330 4571 403 4637 εἴτις
419 4572 519 4647 ἀλόγοις
535 4571 750 4647 σκανδαλίζοιτο,
764 4573 852 4630 δοῦναι
865 4572 938 4644 δίκην

155 4663 222 4730 ἀξιος
237 4660 290 4736 ἐγὼ
305 4660 348 4718 ἀιά
359 4658 407 4730 τῆν
423 4658 512 4717 ἄνοιαν
524 4658 572 4731 τῆν
590 4658 696 4719 ἐκείνου.
740 4658 818 4719 hild
836 4663 940 4728 Παῦλος

155 4753 202 4811 οὖα
216 4741 275 4809 εἷπε
294 4754 391 4822 τοῦτο,
407 4746 475 4806 ἀλλά
492 4747 542 4805 κάν
562 4748 655 4814 ἀδίκοις
668 4748 872 4820 σκανδαλίζηταί
884 4772 939 4825 τις,

118 4864 143 4904 ιο
156 4841 204 4898 κᾶν
217 4841 251 4898 δι’
267 4836 414 4908 ἀσθένειαν,
430 4838 532 4914 βοηθεῖν
544 4837 673 4895 ἐκέλευσε,
716 4833 785 4894 Τότε
799 4836 849 4914 γάρ
863 4835 939 4911 μόνον

156 4929 383 4999 ἀπαλλαττόμεθα
395 4929 441 4995 τῆς
451 4924 495 4982 ἐπὶ
501 4924 553 4987 τοῖς
563 4923 806 4999 σκανδαλιζομένοις
814 4923 941 5001 τιμωρίας

154 5005 365 5086 ναιμένης,όταν
378 5005 408 5062 ἐκ
421 5009 467 5062 τοῦ
485 5004 632 5063 σκανάοίλου
647 5002 736 5082 κέρδος
748 5003 834 5082 ἕτερον
850 5004 941 5074 τίκτη·

156 5120 198 5157 ται
212 5100 261 5169 τῆς
271 5094 326 5155 ἀπὸ
340 5098 386 5154 τοῦ
399 5093 546 5152 σκανδάλου
558 5091 659 5170 βλαίύης
667 5096 767 5169 μεῖζον·
778 5094 812 5158 ὡς
825 5089 856 5152 ἀν
865 5096 942 5151 τοῦτο

682 393 864 455 vindlnns
885 397 1235 465 SUBlN'iRODUCTA&

1711 421 1763 473 151

994 544 1121 600 erulorum,
1134 544 1231 607 longum
1241 547 1372 607 quemdam
1382 549 1406 598 et
1419 546 1587 597 difficillimum
1598 548 1714 601 invehunt
1723 554 1767 604 sibi

983 651 1105 701 morbum.
1139 657 1241 716 oportet
1250 660 1330 706 autem
1342 660 1368 707 ul
1378 658 1443 721 liqui
1454 659 1515 709 hene
1525 661 1768 723 valent,noneorum

983 761 1025 823 qui
1038 763 1100 813 male
1112 763 1202 813 habent
1219 767 1364 816 senlenliam
1377 769 1517 830 sequantur.
1553 772 1613 819 llam
1627 772 1647 819 si
1664 771 1718 822 illos
1731 785 1769 822 se·

984 887 1095 936 mrernur,
1112 877 1186 925 ellam
1204 878 1321 927 medicam
1336 883 1413 928 artem
1423 883 1448 930 et
1457 881 1634 945 philosophiam
1645 897 1688 947 pro
1698 884 1770 936 rebus
1811 885 1813 889 '

986 983 1055 1032 ranis
1065 983 1215 1035 habebimus.
1249 987 1401 1048 Neqrreenim
1410 991 1583 1051 aegrotantibus
1598 992 1644 1041 hoc
1653 993 1733 1042 solum
1746 994 1770 1043 iu

960 1081 963 1190 γ
985 1094 1044 1143 labri
1056 1097 1182 1158 contingit,
1195 1098 1233 1147 rel
1246 1098 1271 1146 in
1281 1099 1410 1148 mulierum
1421 1113 1513 1164 umore,
1524 1102 1565 1151 sed
1577 1105 1601 1153 el
1609 1104 1633 1152 in
1645 1104 1734 1155 divitiis
1746 1111 1771 1155 et

960 1193 963 1260 Ι
985 1207 1008 1256 in
1019 1208 1131 1257 omnihus
1142 1210 1202 1259 aliis.
1235 1211 1331 1260 Etenim
1344 1213 1385 1274 qui
1400 1213 1424 1262 in
1437 1217 1550 1276 pecunias
1564 1215 1700 1279 insaniunt,
1714 1221 1770 1270 licet

984 1320 1771 1394 scianlqoodtiquihlcparrahacindigislmparnunmr,iohnlra

987 1430 1035 1478 illic
1047 1430 1111 1480 bona
1121 1432 1231 1494 capiant,
1242 1433 1351 1485 detinent
1359 1438 1441 1485 tamen
1452 1437 1657 1502 eaehdelodiunt,
1668 1444 1692 1491 et
1702 1442 1771 1492 bonis

985 1540 1097 1590 omnibus
1108 1543 1220 1593 excidere
1239 1545 1347 1607 malunt,
1365 1547 1397 1597 ob
1416 1548 1526 1609 frigidam
1545 1550 1690 1616 brevemque
1710 1556 1771 1605 hano

987 1648 1176 1713 colophoniam,
1189 1666 1262 1716 quarn
1271 1657 1361 1706 aeterna
1371 1670 1442 1719 puna
1455 1657 1563 1721 liberari,
1576 1663 1600 1711 et
1610 1662 1771 1716 immorlelon

961 1762 964 1862 γ
987 1761 1061 1810 nilum
1073 1763 1182 1826 adipisci,
1201 1765 1255 1814 illas
1272 1765 1303 1815 ad
1321 1767 1393 1817 breve
1406 1771 1502 1832 tempus
1520 1771 1684 1834 despiciendo.
1718 1779 1771 1826 lloc

961 1873 964 1930 j
987 1871 1070 1932 ulique
1083 1875 1107 1919 et
1128 1871 1174 1920 illis
1190 1870 1321 1936 contingit,
1340 1875 1399 1925 dum
1418 1889 1433 1925 a
1452 1891 1525 1939 parra
1536 1882 1663 1931 oculorum
1682 1897 1771 1934 concn-

961 1958 963 1967 .

961 1971 964 1979 ι

986 1982 1100 2043 placentia
1112 1997 1138 2032 se
1148 1986 1211 2047 ipsos
1220 1986 1392 2050 aliquantisper
1404 1989 1527 2041 continere
1537 1993 1645 2044 uolentes
1658 1995 1770 2046 intolera-

961 2136 964 2163 γ
988 2091 1059 2140 bilem
1079 2092 1124 2140 sihi
1143 2094 1221 2155 ignem
1241 2097 1356 2159 coliigunt
1376 2117 1382 2146 :
1401 2101 1426 2149 et
1442 2103 1534 2162 quanto
1549 2104 1640 2154 scilicet
1660 2119 1686 2155 se
1696 2109 1772 2170 magis

961 2167 964 2194 l

961 2207 964 2300 γ
986 2201 1102 2252 ohleclari
1121 2206 1219 2266 putant,
1232 2208 1301 2256 tanto
1317 2209 1393 2269 magis
1413 2210 1477 2259 malo
1495 2211 1661 2275 implicantur,
1675 2215 1772 2265 diaholo

986 2313 1035 2361 suis
1044 2312 1136 2362 artibus
1145 2313 1191 2363 hoc
1200 2320 1300 2366 curante
1310 2317 1340 2366 ud
1350 2319 1525 2369 incrementum
1534 2325 1559 2372 et
1568 2328 1771 2386 perseverantiam

987 2421 1104 2484 incendii,
1118 2425 1146 2472 nt
1157 2424 1268 2475 ardentes
1279 2429 1304 2475 et
1316 2426 1466 2480 delonenlur
1479 2433 1504 2482 et
1517 2432 1626 2497 doleant,
1639 2438 1771 2491 absmdnm

986 2531 1109 2594 quoddam
1123 2534 1340 2597 temperamentum
1356 2538 1381 2588 ln
1397 2541 1524 2592 animabus
1537 2546 1587 2595 suis
1602 2548 1740 2601 efficientes

1017 2649 1039 2695 3.
1055 2646 1110 2694 Jarn
1126 2659 1185 2695 nero
1202 2646 1289 2710 siquis
1304 2662 1347 2698 nos
1365 2649 1556 2714 intemperantia
1571 2656 1603 2706 ob
1615 2657 1675 2708 'haee
1694 2663 1770 2712 nerha

986 2739 1131 2789 condemnet
1149 2740 1279 2802 (strenuos
1301 2744 1366 2809 enim
1385 2745 1450 2794 νίνου
1467 2747 1540 2797 etiarn
1558 2763 1614 2800 curn
1633 2755 1773 2807 mulieribus

986 2832 1122 2883 habitantes
1138 2834 1196 2883 nihil
1208 2848 1281 2896 grane
1291 2837 1368 2898 pali),
1383 2838 1466 2889 beatos
1483 2841 1581 2903 quidem
1591 2844 1645 2894 dico
1659 2851 1700 2910 qrrl
1713 2852 1773 2900 tales

985 2926 1042 2988 siut,
1050 2928 1167 2977 elrellem
1177 2929 1249 2979 etiam
1261 2930 1312 2993 ipae
1322 2933 1368 2980 hoe
1377 2932 1463 2984 robore
1469 2935 1553 2987 donari
1563 2956 1569 2986 ι
1580 2941 1603 2988 el
1614 2940 1663 3002 ipse
1673 2945 1771 3005 quidem

987 3022 1048 3071 torte
1059 3020 1167 3071 adducor
1178 3024 1316 3096 ,uteredam
1334 3039 1403 3088 posse
1422 3028 1559 3090 lmjusmodi
1578 3034 1643 3084 uiros
1660 3039 1774 3100 reperiri;

986 3117 1073 3166 vellem
1091 3119 1174 3166 tamen
1193 3118 1221 3167 iis
1232 3120 1274 3181 qni
1289 3133 1334 3170 nos
1349 3123 1539 3188 reprehendrmt,
1552 3140 1620 3189 posse
1637 3130 1683 3180 hoo
1703 3146 1773 3183 amo

961 3224 964 3296 γ
986 3211 1136 3271 persuaderi,
1165 3212 1231 3274 qnod
1256 3213 1394 3265 adolescens
1422 3216 1518 3268 terrens
1546 3234 1661 3284 corpore,
1685 3227 1772 3288 puellm

961 3305 963 3314 ι

961 3331 964 3376 γ
986 3304 1070 3366 virgini
1079 3304 1219 3356 cohabitans
1228 3306 1368 3358 etadlatera
1377 3309 1548 3374 ejusasshlens,
1557 3316 1772 3381 etsinrulcmuans,

961 3409 964 3468 γ
986 3402 1010 3449 et
1026 3414 1068 3462 per
1079 3400 1143 3450 diem
1161 3404 1243 3451 tolum
1258 3403 1427 3465 contabulans,
1443 3407 1471 3455 ul
1484 3408 1543 3457 nihil
1560 3410 1625 3459 aliud
1636 3426 1770 3476 apponam,

961 3472 964 3578 i
986 3495 1166 3557 intempestivos
1184 3496 1245 3545 risus
1263 3498 1288 3546 et
1299 3497 1387 3548 eliusos
1398 3500 1527 3550 cachinnos
1545 3506 1570 3552 et
1588 3506 1669 3556 mollia
1681 3510 1771 3571 rerba,

961 3610 964 3642 ι
986 3592 1058 3651 atquo
1076 3590 1122 3638 alia
1140 3602 1195 3652 quaa
1206 3589 1273 3639 dictu
1285 3591 1425 3655 inhonestam
1445 3596 1486 3644 sed
1503 3595 1644 3664 ineadom,
1657 3601 1770 3665 inquam,

961 3645 964 3750 Ι
986 3685 1096 3734 habitans
1106 3685 1178 3734 domo
1192 3686 1317 3749 eidemque
1333 3690 1514 3741 communicans
1529 3706 1632 3754 mensae,
1645 3697 1772 3749 ubimulta

961 3752 964 3828 θ
985 3783 1021 3827 est
1031 3778 1127 3828 libertas
1140 3779 1284 3841 verborum,
1295 3784 1319 3831 et
1330 3782 1396 3831 ultro
1411 3785 1520 3847 citroque
1532 3788 1683 3850 accipiuntur
1695 3793 1772 3842 mulla

986 3865 1136 3936 danturque,
1156 3875 1223 3923 nulla
1243 3876 1405 3927 humanarum
1421 3880 1576 3931 dilectionum
1594 3884 1709 3946 capiatur,
1729 3887 1772 3937 sed

986 3981 1060 4029 purus
1067 3981 1082 4017 a
1089 3969 1151 4018 mala
1160 3970 1284 4033 voluptate
1291 3973 1316 4019 et
1325 3972 1516 4035 concupiscentia
1522 3981 1660 4037 permaneat
1670 3999 1676 4028 ι
1685 3981 1772 4030 uellem

986 4061 1038 4110 hrec
1048 4061 1076 4110 iis
1085 4062 1127 4124 qui
1142 4075 1186 4111 nos
1199 4066 1303 4124 arguunt
1316 4078 1330 4113 a
1344 4079 1383 4115 me
1397 4068 1535 4128 persuaderi
1549 4083 1633 4132 posse,
1644 4073 1685 4121 sed
1694 4087 1772 4137 neque

986 4155 1029 4217 ipsi
1041 4155 1126 4204 volunt
1137 4154 1231 4217 duceri,
1244 4161 1269 4206 el
1286 4156 1356 4206 nobis
1370 4158 1422 4208 haec
1431 4160 1461 4209 ad
1473 4159 1636 4214 defensionem
1652 4166 1773 4217 atterenti-

961 4281 964 4314 γ
987 4249 1030 4298 bus
1041 4250 1172 4299 reclamant
1183 4251 1251 4311 qrrasi
1263 4250 1451 4314 impudentibus,
1470 4255 1554 4304 eodem
1566 4271 1614 4319 qno
1634 4260 1677 4322 ipsi
1688 4262 1772 4311 morho

962 4387 964 4406 ,
986 4345 1114 4407 correptis,
1125 4345 1295 4407 propriamque
1304 4347 1440 4407 tegcnlilrus
1454 4349 1579 4399 malitiam.
1612 4356 1642 4403 Et
1652 4355 1709 4416 quid
1720 4356 1772 4405 linc

915 4486 922 4504 ,
962 4441 964 4500 l
987 4440 1016 4488 arl
1029 4453 1087 4499 nos,
1100 4439 1195 4502 inquit?
1204 4453 1283 4501 neque
1294 4454 1338 4490 nus
1351 4455 1434 4491 sumus
1445 4443 1544 4494 obnoxii
1560 4447 1700 4509 insipientiae
1713 4451 1772 4499 alie·

961 4545 965 4614 γ
985 4547 1038 4592 rrae,
1051 4545 1144 4595 neque,
1153 4533 1172 4582 si
1181 4534 1234 4595 quis
1243 4534 1316 4584 stulte
1326 4536 1508 4599 scandalizetur,
1519 4538 1604 4601 dignus
1613 4557 1656 4604 ego
1667 4546 1772 4608 numqui

961 4642 964 4696 γ
987 4641 1068 4689 poenas
1079 4627 1135 4675 dem
1146 4627 1178 4676 oh
1191 4626 1258 4677 illins*
1267 4629 1435 4692 insipientiam.
1468 4632 1514 4681 Sed
1527 4633 1573 4683 hoc
1583 4649 1632 4685 non
1642 4636 1703 4687 dixit
1714 4642 1772 4688 l'au·

962 4701 965 4797 θ
987 4722 1038 4780 lus,
1048 4721 1089 4770 sed
1101 4720 1172 4782 jussit
1184 4727 1225 4783 ut,
1239 4723 1259 4771 sl
1270 4725 1308 4773 rel
1323 4724 1410 4785 injuste
1425 4727 1599 4779 scandalizetur
1612 4732 1711 4794 aliquis,
1721 4733 1773 4794 ejus

962 4811 964 4864 ἶ
987 4816 1118 4866 inhrmilali
1133 4818 1282 4867 consrrlatur.
1299 4820 1439 4869 Tuneenim
1449 4823 1527 4871 solum
1538 4823 1690 4874 liberamura
1703 4840 1772 4888 pruno

963 4915 965 4969 !
987 4925 1043 4973 qum
1055 4913 1132 4974 posita
1141 4915 1179 4962 est
1193 4913 1217 4961 in
1229 4913 1322 4975 eosqui
1339 4912 1480 4962 scandalum
1492 4914 1772 4976 dantaliis,sie1scan·

963 5009 965 5032 ¹
986 5008 1114 5058 daloaliud
1124 5008 1247 5071 quoddam
1257 5009 1351 5057 lucrum
1360 5009 1466 5058 nascitur
1476 5009 1554 5071 majus
1565 5009 1653 5058 damno
1662 5008 1727 5071 quod
1738 5022 1770 5057 οι

987 5096 1100 5147 scandalo
1116 5097 1151 5148 nt.
1186 5096 1300 5160 Adeoque
1320 5099 1339 5147 si
1354 5097 1464 5156 hennon
1482 5098 1567 5158 irrerit,
1583 5099 1609 5146 et
1627 5097 1672 5145 hoc
1693 5097 1771 5146 solum
